[
  {
    "transaction_id": "txn_997926",
    "type": "deposit",
    "asset": "ETH",
    "amount": 4.63851893,
    "price": 8445.8,
    "timestamp": "2024-08-04T16:46:14.788669"
  },
  {
    "transaction_id": "txn_649209",
    "type": "deposit",
    "asset": "BNB",
    "amount": 2.48850737,
    "price": 1193.86,
    "timestamp": "2023-12-25T08:31:14.788717"
  },
  {
    "transaction_id": "txn_636527",
    "type": "sell",
    "asset": "XRP",
    "amount": 3.31812912,
    "price": 11110.15,
    "timestamp": "2024-02-20T06:06:14.788741"
  },
  {
    "transaction_id": "txn_251604",
    "type": "withdraw",
    "asset": "LTC",
    "amount": 4.05492306,
    "price": 28653.73,
    "timestamp": "2024-08-10T17:11:14.788772"
  },
  {
    "transaction_id": "txn_194628",
    "type": "sell",
    "asset": "XRP",
    "amount": 0.03669695,
    "price": 48450.17,
    "timestamp": "2024-07-01T04:47:14.788790"
  },
  {
    "transaction_id": "txn_401623",
    "type": "withdraw",
    "asset": "LTC",
    "amount": 4.60023016,
    "price": 36561.62,
    "timestamp": "2024-05-12T19:50:14.788806"
  },
  {
    "transaction_id": "txn_597199",
    "type": "buy",
    "asset": "DOGE",
    "amount": 0.17875757,
    "price": 16520.76,
    "timestamp": "2024-11-05T03:29:14.788821"
  },
  {
    "transaction_id": "txn_930582",
    "type": "withdraw",
    "asset": "XRP",
    "amount": 3.63515221,
    "price": 43604.06,
    "timestamp": "2024-04-10T08:48:14.788840"
  },
  {
    "transaction_id": "txn_463913",
    "type": "sell",
    "asset": "USDT",
    "amount": 3.26165058,
    "price": 26748.58,
    "timestamp": "2024-04-05T14:51:14.788867"
  },
  {
    "transaction_id": "txn_258872",
    "type": "sell",
    "asset": "BTC",
    "amount": 1.33874779,
    "price": 37271.42,
    "timestamp": "2023-11-28T04:20:14.788882"
  },
  {
    "transaction_id": "txn_977638",
    "type": "buy",
    "asset": "BNB",
    "amount": 2.09715644,
    "price": 13547.15,
    "timestamp": "2024-06-17T16:28:14.788896"
  },
  {
    "transaction_id": "txn_792315",
    "type": "deposit",
    "asset": "XRP",
    "amount": 4.73851571,
    "price": 47051.66,
    "timestamp": "2023-12-12T06:47:14.788909"
  },
  {
    "transaction_id": "txn_502151",
    "type": "withdraw",
    "asset": "BTC",
    "amount": 3.71245931,
    "price": 27641.63,
    "timestamp": "2024-02-18T02:02:14.788922"
  },
  {
    "transaction_id": "txn_516753",
    "type": "buy",
    "asset": "SOL",
    "amount": 2.3197686,
    "price": 29280.03,
    "timestamp": "2023-11-11T13:44:14.788935"
  },
  {
    "transaction_id": "txn_429919",
    "type": "sell",
    "asset": "SOL",
    "amount": 0.88243664,
    "price": 46231.29,
    "timestamp": "2024-06-27T10:14:14.788949"
  },
  {
    "transaction_id": "txn_157524",
    "type": "buy",
    "asset": "XRP",
    "amount": 0.27352743,
    "price": 22585.23,
    "timestamp": "2024-10-14T18:54:14.788963"
  },
  {
    "transaction_id": "txn_238820",
    "type": "sell",
    "asset": "ADA",
    "amount": 2.27250444,
    "price": 24218.74,
    "timestamp": "2024-02-05T10:12:14.788976"
  },
  {
    "transaction_id": "txn_752808",
    "type": "deposit",
    "asset": "DOGE",
    "amount": 4.4238895,
    "price": 26358.17,
    "timestamp": "2024-07-16T17:33:14.788989"
  },
  {
    "transaction_id": "txn_985960",
    "type": "withdraw",
    "asset": "SOL",
    "amount": 4.21782849,
    "price": 19194.18,
    "timestamp": "2024-02-15T06:43:14.789003"
  },
  {
    "transaction_id": "txn_255023",
    "type": "sell",
    "asset": "ADA",
    "amount": 3.30856114,
    "price": 44803.9,
    "timestamp": "2024-05-09T07:36:14.789024"
  },
  {
    "transaction_id": "txn_297993",
    "type": "buy",
    "asset": "DOT",
    "amount": 2.25540249,
    "price": 4795.63,
    "timestamp": "2024-05-20T22:00:14.789037"
  },
  {
    "transaction_id": "txn_848806",
    "type": "withdraw",
    "asset": "USDT",
    "amount": 1.54376345,
    "price": 46500.14,
    "timestamp": "2024-08-03T12:46:14.789051"
  },
  {
    "transaction_id": "txn_682897",
    "type": "buy",
    "asset": "ETH",
    "amount": 4.37430213,
    "price": 42258.41,
    "timestamp": "2024-03-12T00:03:14.789064"
  },
  {
    "transaction_id": "txn_902723",
    "type": "withdraw",
    "asset": "ADA",
    "amount": 0.47013818,
    "price": 38663.7,
    "timestamp": "2024-10-21T23:43:14.789078"
  },
  {
    "transaction_id": "txn_218693",
    "type": "deposit",
    "asset": "ADA",
    "amount": 3.63746123,
    "price": 5513.06,
    "timestamp": "2024-04-26T00:46:14.789091"
  },
  {
    "transaction_id": "txn_999015",
    "type": "deposit",
    "asset": "ETH",
    "amount": 2.52946904,
    "price": 41342.66,
    "timestamp": "2024-01-30T20:15:14.789104"
  },
  {
    "transaction_id": "txn_274736",
    "type": "deposit",
    "asset": "BNB",
    "amount": 1.22720895,
    "price": 7737.13,
    "timestamp": "2024-02-26T02:45:14.789118"
  },
  {
    "transaction_id": "txn_690529",
    "type": "buy",
    "asset": "DOGE",
    "amount": 3.57558145,
    "price": 20274.08,
    "timestamp": "2024-10-30T17:40:14.789131"
  },
  {
    "transaction_id": "txn_666399",
    "type": "withdraw",
    "asset": "BTC",
    "amount": 4.71831525,
    "price": 22406.35,
    "timestamp": "2024-07-10T22:17:14.789144"
  },
  {
    "transaction_id": "txn_776165",
    "type": "deposit",
    "asset": "ADA",
    "amount": 1.16562656,
    "price": 44987.88,
    "timestamp": "2024-06-24T13:23:14.789157"
  },
  {
    "transaction_id": "txn_297803",
    "type": "withdraw",
    "asset": "DOT",
    "amount": 4.09941378,
    "price": 30843.22,
    "timestamp": "2024-07-17T16:47:14.789170"
  },
  {
    "transaction_id": "txn_764957",
    "type": "deposit",
    "asset": "ETH",
    "amount": 2.28406355,
    "price": 237.4,
    "timestamp": "2024-07-09T03:35:14.789183"
  },
  {
    "transaction_id": "txn_136199",
    "type": "sell",
    "asset": "BNB",
    "amount": 0.87617881,
    "price": 1490.41,
    "timestamp": "2023-11-15T03:03:14.789197"
  },
  {
    "transaction_id": "txn_790606",
    "type": "withdraw",
    "asset": "USDT",
    "amount": 2.45529214,
    "price": 31450.5,
    "timestamp": "2024-01-01T04:42:14.789211"
  },
  {
    "transaction_id": "txn_241801",
    "type": "withdraw",
    "asset": "BNB",
    "amount": 2.12477497,
    "price": 11783.5,
    "timestamp": "2024-10-04T02:29:14.789224"
  },
  {
    "transaction_id": "txn_818372",
    "type": "withdraw",
    "asset": "ETH",
    "amount": 4.65939095,
    "price": 39806.55,
    "timestamp": "2024-04-28T00:21:14.789237"
  },
  {
    "transaction_id": "txn_976627",
    "type": "deposit",
    "asset": "ETH",
    "amount": 1.2807583,
    "price": 49007.7,
    "timestamp": "2024-02-26T13:10:14.789250"
  },
  {
    "transaction_id": "txn_665255",
    "type": "buy",
    "asset": "BNB",
    "amount": 4.03328683,
    "price": 21160.44,
    "timestamp": "2024-10-03T13:48:14.789269"
  },
  {
    "transaction_id": "txn_784969",
    "type": "withdraw",
    "asset": "USDT",
    "amount": 3.70873118,
    "price": 30940.7,
    "timestamp": "2024-03-23T02:41:14.789288"
  },
  {
    "transaction_id": "txn_691590",
    "type": "withdraw",
    "asset": "SOL",
    "amount": 2.29867817,
    "price": 13759.65,
    "timestamp": "2024-05-14T21:18:14.789302"
  },
  {
    "transaction_id": "txn_528167",
    "type": "withdraw",
    "asset": "ADA",
    "amount": 4.2206422,
    "price": 28878.3,
    "timestamp": "2024-01-27T23:25:14.789315"
  },
  {
    "transaction_id": "txn_875265",
    "type": "sell",
    "asset": "DOGE",
    "amount": 4.41515555,
    "price": 4556.57,
    "timestamp": "2024-03-11T18:48:14.789328"
  },
  {
    "transaction_id": "txn_417631",
    "type": "deposit",
    "asset": "LTC",
    "amount": 2.30285381,
    "price": 11965.55,
    "timestamp": "2024-09-13T16:07:14.789341"
  },
  {
    "transaction_id": "txn_468392",
    "type": "withdraw",
    "asset": "DOT",
    "amount": 2.01134182,
    "price": 3888.32,
    "timestamp": "2024-10-06T20:50:14.789354"
  },
  {
    "transaction_id": "txn_490968",
    "type": "deposit",
    "asset": "SOL",
    "amount": 2.1296361,
    "price": 36994.49,
    "timestamp": "2024-03-28T08:53:14.789366"
  },
  {
    "transaction_id": "txn_406420",
    "type": "withdraw",
    "asset": "BNB",
    "amount": 0.29662464,
    "price": 45997.96,
    "timestamp": "2024-01-01T12:37:14.789379"
  },
  {
    "transaction_id": "txn_999276",
    "type": "withdraw",
    "asset": "XRP",
    "amount": 1.68009272,
    "price": 2695.57,
    "timestamp": "2024-06-23T13:01:14.789392"
  },
  {
    "transaction_id": "txn_309949",
    "type": "deposit",
    "asset": "LTC",
    "amount": 0.83399036,
    "price": 40496.85,
    "timestamp": "2024-10-13T00:06:14.789405"
  },
  {
    "transaction_id": "txn_377996",
    "type": "deposit",
    "asset": "XRP",
    "amount": 0.25324616,
    "price": 33876.35,
    "timestamp": "2024-02-02T03:54:14.789419"
  },
  {
    "transaction_id": "txn_508427",
    "type": "buy",
    "asset": "SOL",
    "amount": 0.01957306,
    "price": 48417.9,
    "timestamp": "2024-01-19T22:03:14.789432"
  },
  {
    "transaction_id": "txn_650120",
    "type": "deposit",
    "asset": "ETH",
    "amount": 2.12468757,
    "price": 45344.16,
    "timestamp": "2024-01-07T17:14:14.789445"
  },
  {
    "transaction_id": "txn_757783",
    "type": "sell",
    "asset": "LTC",
    "amount": 3.84757777,
    "price": 35257.01,
    "timestamp": "2023-11-28T13:24:14.789458"
  },
  {
    "transaction_id": "txn_599413",
    "type": "sell",
    "asset": "DOGE",
    "amount": 3.69648396,
    "price": 44398.44,
    "timestamp": "2023-12-11T01:49:14.789471"
  },
  {
    "transaction_id": "txn_851507",
    "type": "withdraw",
    "asset": "USDT",
    "amount": 0.37159082,
    "price": 13372.46,
    "timestamp": "2024-07-30T07:13:14.789483"
  },
  {
    "transaction_id": "txn_400710",
    "type": "sell",
    "asset": "USDT",
    "amount": 1.72467658,
    "price": 20869.84,
    "timestamp": "2024-07-15T16:00:14.789496"
  },
  {
    "transaction_id": "txn_280296",
    "type": "deposit",
    "asset": "ADA",
    "amount": 4.2644182,
    "price": 29363.98,
    "timestamp": "2024-01-08T11:26:14.789516"
  },
  {
    "transaction_id": "txn_299581",
    "type": "buy",
    "asset": "SOL",
    "amount": 2.78784081,
    "price": 33857.34,
    "timestamp": "2024-03-19T08:28:14.789530"
  },
  {
    "transaction_id": "txn_855585",
    "type": "withdraw",
    "asset": "SOL",
    "amount": 4.02082565,
    "price": 1334.93,
    "timestamp": "2023-12-29T18:15:14.789543"
  },
  {
    "transaction_id": "txn_758597",
    "type": "sell",
    "asset": "LTC",
    "amount": 2.80815139,
    "price": 37097.73,
    "timestamp": "2023-11-24T04:40:14.789556"
  },
  {
    "transaction_id": "txn_362872",
    "type": "deposit",
    "asset": "XRP",
    "amount": 4.62128765,
    "price": 33944.28,
    "timestamp": "2024-02-10T23:25:14.789569"
  },
  {
    "transaction_id": "txn_939235",
    "type": "deposit",
    "asset": "BNB",
    "amount": 1.92295927,
    "price": 32130.9,
    "timestamp": "2024-01-13T15:58:14.789581"
  },
  {
    "transaction_id": "txn_801083",
    "type": "sell",
    "asset": "LTC",
    "amount": 0.36845444,
    "price": 43159.92,
    "timestamp": "2024-04-04T01:51:14.789595"
  },
  {
    "transaction_id": "txn_811277",
    "type": "buy",
    "asset": "SOL",
    "amount": 1.19593456,
    "price": 32280.38,
    "timestamp": "2024-08-27T22:44:14.789608"
  },
  {
    "transaction_id": "txn_638268",
    "type": "sell",
    "asset": "DOGE",
    "amount": 3.94503451,
    "price": 40319.89,
    "timestamp": "2024-05-21T06:24:14.789621"
  },
  {
    "transaction_id": "txn_541220",
    "type": "buy",
    "asset": "XRP",
    "amount": 2.29324278,
    "price": 37390.55,
    "timestamp": "2024-04-08T07:12:14.789634"
  },
  {
    "transaction_id": "txn_262610",
    "type": "withdraw",
    "asset": "BNB",
    "amount": 0.58939937,
    "price": 24556.76,
    "timestamp": "2024-04-18T01:07:14.789648"
  },
  {
    "transaction_id": "txn_361000",
    "type": "deposit",
    "asset": "DOGE",
    "amount": 4.41568176,
    "price": 46659.33,
    "timestamp": "2024-04-23T08:05:14.789661"
  },
  {
    "transaction_id": "txn_610130",
    "type": "sell",
    "asset": "DOT",
    "amount": 4.03208821,
    "price": 47799.02,
    "timestamp": "2024-06-10T12:05:14.789675"
  },
  {
    "transaction_id": "txn_103741",
    "type": "sell",
    "asset": "DOT",
    "amount": 4.03761023,
    "price": 22992.11,
    "timestamp": "2024-01-25T02:33:14.789688"
  },
  {
    "transaction_id": "txn_491117",
    "type": "deposit",
    "asset": "SOL",
    "amount": 1.13527334,
    "price": 10483.14,
    "timestamp": "2024-10-28T01:21:14.789701"
  },
  {
    "transaction_id": "txn_898715",
    "type": "buy",
    "asset": "DOGE",
    "amount": 3.5289743,
    "price": 29157.79,
    "timestamp": "2024-01-14T18:56:14.789714"
  },
  {
    "transaction_id": "txn_287705",
    "type": "sell",
    "asset": "DOT",
    "amount": 3.26469279,
    "price": 49056.45,
    "timestamp": "2023-11-15T20:49:14.789727"
  },
  {
    "transaction_id": "txn_465333",
    "type": "sell",
    "asset": "DOT",
    "amount": 3.2776658,
    "price": 34988.26,
    "timestamp": "2024-06-21T16:58:14.789740"
  },
  {
    "transaction_id": "txn_353592",
    "type": "buy",
    "asset": "ADA",
    "amount": 0.57085465,
    "price": 37517.02,
    "timestamp": "2024-06-06T07:09:14.789753"
  },
  {
    "transaction_id": "txn_876941",
    "type": "withdraw",
    "asset": "ETH",
    "amount": 1.57534221,
    "price": 18071.07,
    "timestamp": "2024-10-19T15:31:14.789771"
  },
  {
    "transaction_id": "txn_164594",
    "type": "sell",
    "asset": "BTC",
    "amount": 2.07694595,
    "price": 11918.82,
    "timestamp": "2024-04-12T13:48:14.789784"
  },
  {
    "transaction_id": "txn_668233",
    "type": "withdraw",
    "asset": "ADA",
    "amount": 2.55753529,
    "price": 39980.5,
    "timestamp": "2024-05-17T00:36:14.789797"
  },
  {
    "transaction_id": "txn_399062",
    "type": "sell",
    "asset": "SOL",
    "amount": 2.65767658,
    "price": 5962.99,
    "timestamp": "2023-12-02T15:19:14.789810"
  },
  {
    "transaction_id": "txn_530899",
    "type": "sell",
    "asset": "ADA",
    "amount": 3.75354149,
    "price": 47819.67,
    "timestamp": "2024-05-21T14:25:14.789823"
  },
  {
    "transaction_id": "txn_767689",
    "type": "buy",
    "asset": "XRP",
    "amount": 2.53438884,
    "price": 43594.99,
    "timestamp": "2024-01-20T01:41:14.789836"
  },
  {
    "transaction_id": "txn_695222",
    "type": "deposit",
    "asset": "BTC",
    "amount": 0.60741152,
    "price": 22043.2,
    "timestamp": "2024-01-06T23:10:14.789849"
  },
  {
    "transaction_id": "txn_775354",
    "type": "buy",
    "asset": "BTC",
    "amount": 3.9065879,
    "price": 12735.9,
    "timestamp": "2024-08-26T08:02:14.789862"
  },
  {
    "transaction_id": "txn_410955",
    "type": "withdraw",
    "asset": "ETH",
    "amount": 1.19425577,
    "price": 42330.35,
    "timestamp": "2024-05-29T05:06:14.789875"
  },
  {
    "transaction_id": "txn_994158",
    "type": "sell",
    "asset": "SOL",
    "amount": 1.44873337,
    "price": 38879.47,
    "timestamp": "2024-03-31T04:04:14.789887"
  },
  {
    "transaction_id": "txn_307509",
    "type": "deposit",
    "asset": "BTC",
    "amount": 0.59863737,
    "price": 17882.43,
    "timestamp": "2024-05-29T11:05:14.789900"
  },
  {
    "transaction_id": "txn_871700",
    "type": "sell",
    "asset": "SOL",
    "amount": 2.3969632,
    "price": 23278.58,
    "timestamp": "2024-05-18T19:33:14.789913"
  },
  {
    "transaction_id": "txn_960562",
    "type": "withdraw",
    "asset": "ADA",
    "amount": 2.33746573,
    "price": 44554.0,
    "timestamp": "2023-12-31T12:22:14.789927"
  },
  {
    "transaction_id": "txn_475473",
    "type": "withdraw",
    "asset": "ETH",
    "amount": 3.5808938,
    "price": 19008.72,
    "timestamp": "2023-12-01T09:46:14.789940"
  },
  {
    "transaction_id": "txn_397050",
    "type": "deposit",
    "asset": "DOGE",
    "amount": 0.08485683,
    "price": 47813.72,
    "timestamp": "2024-04-15T14:50:14.789953"
  },
  {
    "transaction_id": "txn_922210",
    "type": "withdraw",
    "asset": "XRP",
    "amount": 4.86646804,
    "price": 25134.81,
    "timestamp": "2024-07-07T09:37:14.789972"
  },
  {
    "transaction_id": "txn_215179",
    "type": "sell",
    "asset": "ADA",
    "amount": 2.54851482,
    "price": 38934.86,
    "timestamp": "2024-09-14T18:47:14.789985"
  },
  {
    "transaction_id": "txn_992550",
    "type": "deposit",
    "asset": "ETH",
    "amount": 2.65384842,
    "price": 2762.61,
    "timestamp": "2024-06-11T02:40:14.789999"
  },
  {
    "transaction_id": "txn_987644",
    "type": "buy",
    "asset": "SOL",
    "amount": 0.05013433,
    "price": 21308.66,
    "timestamp": "2023-12-07T03:24:14.790016"
  },
  {
    "transaction_id": "txn_722122",
    "type": "deposit",
    "asset": "BNB",
    "amount": 0.57081497,
    "price": 5581.13,
    "timestamp": "2024-07-07T15:17:14.790030"
  },
  {
    "transaction_id": "txn_300076",
    "type": "withdraw",
    "asset": "LTC",
    "amount": 2.00607982,
    "price": 41417.44,
    "timestamp": "2024-04-19T18:37:14.790043"
  },
  {
    "transaction_id": "txn_365163",
    "type": "buy",
    "asset": "LTC",
    "amount": 3.67463961,
    "price": 12844.81,
    "timestamp": "2023-11-18T14:57:14.790055"
  },
  {
    "transaction_id": "txn_892536",
    "type": "sell",
    "asset": "DOT",
    "amount": 4.56648403,
    "price": 6769.3,
    "timestamp": "2024-09-11T02:01:14.790069"
  },
  {
    "transaction_id": "txn_677261",
    "type": "deposit",
    "asset": "BNB",
    "amount": 0.52540654,
    "price": 45661.35,
    "timestamp": "2024-03-19T14:28:14.790082"
  },
  {
    "transaction_id": "txn_377722",
    "type": "sell",
    "asset": "XRP",
    "amount": 1.64168286,
    "price": 15563.63,
    "timestamp": "2024-04-10T14:41:14.790097"
  },
  {
    "transaction_id": "txn_793202",
    "type": "withdraw",
    "asset": "LTC",
    "amount": 1.23390004,
    "price": 25893.33,
    "timestamp": "2024-07-13T20:35:14.790110"
  },
  {
    "transaction_id": "txn_596070",
    "type": "withdraw",
    "asset": "DOGE",
    "amount": 3.82465556,
    "price": 6401.38,
    "timestamp": "2024-01-26T00:23:14.790123"
  },
  {
    "transaction_id": "txn_384815",
    "type": "withdraw",
    "asset": "LTC",
    "amount": 3.59106365,
    "price": 40922.3,
    "timestamp": "2024-02-16T01:36:14.790136"
  },
  {
    "transaction_id": "txn_176005",
    "type": "sell",
    "asset": "LTC",
    "amount": 4.28769667,
    "price": 21581.27,
    "timestamp": "2024-03-05T05:19:14.790148"
  },
  {
    "transaction_id": "txn_262371",
    "type": "deposit",
    "asset": "ADA",
    "amount": 4.80766766,
    "price": 8854.21,
    "timestamp": "2024-01-15T18:08:14.790161"
  },
  {
    "transaction_id": "txn_440992",
    "type": "withdraw",
    "asset": "ADA",
    "amount": 1.89512232,
    "price": 49817.16,
    "timestamp": "2024-04-14T04:22:14.790174"
  },
  {
    "transaction_id": "txn_598581",
    "type": "buy",
    "asset": "LTC",
    "amount": 1.07775285,
    "price": 11783.47,
    "timestamp": "2024-01-03T13:55:14.790187"
  },
  {
    "transaction_id": "txn_987670",
    "type": "sell",
    "asset": "LTC",
    "amount": 3.43388234,
    "price": 17381.17,
    "timestamp": "2024-06-27T19:19:14.790200"
  },
  {
    "transaction_id": "txn_497531",
    "type": "sell",
    "asset": "LTC",
    "amount": 3.48681071,
    "price": 46247.92,
    "timestamp": "2024-04-12T05:17:14.790213"
  },
  {
    "transaction_id": "txn_528545",
    "type": "sell",
    "asset": "DOGE",
    "amount": 0.29678779,
    "price": 18633.71,
    "timestamp": "2024-08-02T11:55:14.790225"
  },
  {
    "transaction_id": "txn_942221",
    "type": "withdraw",
    "asset": "SOL",
    "amount": 4.31551076,
    "price": 43379.28,
    "timestamp": "2024-04-20T19:56:14.790238"
  },
  {
    "transaction_id": "txn_859230",
    "type": "deposit",
    "asset": "DOT",
    "amount": 3.46926696,
    "price": 32138.03,
    "timestamp": "2024-10-16T10:15:14.790259"
  },
  {
    "transaction_id": "txn_149295",
    "type": "deposit",
    "asset": "ETH",
    "amount": 0.0254943,
    "price": 10830.06,
    "timestamp": "2024-01-09T23:30:14.790272"
  },
  {
    "transaction_id": "txn_237416",
    "type": "deposit",
    "asset": "USDT",
    "amount": 4.78746097,
    "price": 47901.58,
    "timestamp": "2024-09-09T18:32:14.790285"
  },
  {
    "transaction_id": "txn_356878",
    "type": "sell",
    "asset": "BTC",
    "amount": 1.95522475,
    "price": 15078.82,
    "timestamp": "2024-09-04T03:10:14.790298"
  },
  {
    "transaction_id": "txn_403213",
    "type": "deposit",
    "asset": "LTC",
    "amount": 4.00128266,
    "price": 844.71,
    "timestamp": "2024-03-31T21:43:14.790311"
  },
  {
    "transaction_id": "txn_116815",
    "type": "deposit",
    "asset": "DOGE",
    "amount": 3.73681842,
    "price": 8588.92,
    "timestamp": "2024-10-22T06:55:14.790324"
  },
  {
    "transaction_id": "txn_265471",
    "type": "deposit",
    "asset": "BNB",
    "amount": 0.03748746,
    "price": 4188.52,
    "timestamp": "2024-06-15T16:15:14.790337"
  },
  {
    "transaction_id": "txn_701180",
    "type": "withdraw",
    "asset": "BNB",
    "amount": 1.94562013,
    "price": 137.35,
    "timestamp": "2024-04-29T18:36:14.790350"
  },
  {
    "transaction_id": "txn_608770",
    "type": "withdraw",
    "asset": "ETH",
    "amount": 4.093464,
    "price": 8990.46,
    "timestamp": "2023-12-17T21:16:14.790363"
  },
  {
    "transaction_id": "txn_206720",
    "type": "sell",
    "asset": "DOT",
    "amount": 3.39225224,
    "price": 26571.92,
    "timestamp": "2024-06-03T06:53:14.790377"
  },
  {
    "transaction_id": "txn_561583",
    "type": "buy",
    "asset": "BTC",
    "amount": 0.79874172,
    "price": 45413.49,
    "timestamp": "2024-10-20T20:24:14.790391"
  },
  {
    "transaction_id": "txn_617735",
    "type": "buy",
    "asset": "BTC",
    "amount": 3.16912578,
    "price": 8515.39,
    "timestamp": "2023-11-16T21:29:14.790405"
  },
  {
    "transaction_id": "txn_112711",
    "type": "buy",
    "asset": "BTC",
    "amount": 4.32833011,
    "price": 2253.61,
    "timestamp": "2024-04-08T05:24:14.790418"
  },
  {
    "transaction_id": "txn_200258",
    "type": "withdraw",
    "asset": "BNB",
    "amount": 2.29031628,
    "price": 28521.37,
    "timestamp": "2024-09-01T23:07:14.790431"
  },
  {
    "transaction_id": "txn_718045",
    "type": "withdraw",
    "asset": "SOL",
    "amount": 4.89997111,
    "price": 7846.29,
    "timestamp": "2024-01-27T05:00:14.790445"
  },
  {
    "transaction_id": "txn_496134",
    "type": "deposit",
    "asset": "ETH",
    "amount": 4.89357167,
    "price": 16794.91,
    "timestamp": "2024-02-16T08:18:14.790457"
  },
  {
    "transaction_id": "txn_772978",
    "type": "buy",
    "asset": "ETH",
    "amount": 2.0351228,
    "price": 11326.02,
    "timestamp": "2024-02-03T22:01:14.790470"
  },
  {
    "transaction_id": "txn_969924",
    "type": "buy",
    "asset": "BNB",
    "amount": 2.25176232,
    "price": 8425.2,
    "timestamp": "2024-10-03T03:13:14.790483"
  },
  {
    "transaction_id": "txn_968876",
    "type": "withdraw",
    "asset": "ADA",
    "amount": 4.62548804,
    "price": 37182.62,
    "timestamp": "2024-08-12T12:54:14.790496"
  },
  {
    "transaction_id": "txn_235571",
    "type": "deposit",
    "asset": "SOL",
    "amount": 0.2130599,
    "price": 40079.45,
    "timestamp": "2024-02-25T08:11:14.790509"
  },
  {
    "transaction_id": "txn_123609",
    "type": "deposit",
    "asset": "BNB",
    "amount": 3.6886282,
    "price": 4386.19,
    "timestamp": "2023-11-27T19:57:14.790523"
  },
  {
    "transaction_id": "txn_993055",
    "type": "buy",
    "asset": "DOT",
    "amount": 3.50851829,
    "price": 24704.57,
    "timestamp": "2024-08-29T13:40:14.790535"
  },
  {
    "transaction_id": "txn_581203",
    "type": "buy",
    "asset": "ADA",
    "amount": 4.57068727,
    "price": 3694.96,
    "timestamp": "2024-07-02T21:01:14.790547"
  },
  {
    "transaction_id": "txn_629676",
    "type": "deposit",
    "asset": "BTC",
    "amount": 2.04925538,
    "price": 16888.73,
    "timestamp": "2024-05-29T10:49:14.790561"
  },
  {
    "transaction_id": "txn_264601",
    "type": "buy",
    "asset": "ETH",
    "amount": 4.47787326,
    "price": 11205.89,
    "timestamp": "2024-03-07T06:27:14.790574"
  },
  {
    "transaction_id": "txn_776003",
    "type": "buy",
    "asset": "DOGE",
    "amount": 1.79711497,
    "price": 13392.19,
    "timestamp": "2024-02-09T01:49:14.790586"
  },
  {
    "transaction_id": "txn_464171",
    "type": "buy",
    "asset": "DOT",
    "amount": 2.39580693,
    "price": 24253.71,
    "timestamp": "2024-01-26T12:31:14.790599"
  },
  {
    "transaction_id": "txn_175166",
    "type": "deposit",
    "asset": "BNB",
    "amount": 3.63607373,
    "price": 14488.1,
    "timestamp": "2024-03-10T04:14:14.790611"
  },
  {
    "transaction_id": "txn_680205",
    "type": "buy",
    "asset": "ETH",
    "amount": 1.06179284,
    "price": 36819.64,
    "timestamp": "2024-03-26T14:23:14.790624"
  },
  {
    "transaction_id": "txn_748217",
    "type": "sell",
    "asset": "DOT",
    "amount": 2.12050851,
    "price": 29261.21,
    "timestamp": "2024-07-15T06:53:14.790637"
  },
  {
    "transaction_id": "txn_657351",
    "type": "sell",
    "asset": "DOGE",
    "amount": 3.70998273,
    "price": 17613.83,
    "timestamp": "2024-06-10T16:08:14.790739"
  },
  {
    "transaction_id": "txn_557645",
    "type": "deposit",
    "asset": "BTC",
    "amount": 1.66545774,
    "price": 40975.95,
    "timestamp": "2024-07-06T05:15:14.790756"
  },
  {
    "transaction_id": "txn_523704",
    "type": "withdraw",
    "asset": "XRP",
    "amount": 0.07586247,
    "price": 4869.2,
    "timestamp": "2023-11-11T03:01:14.790770"
  },
  {
    "transaction_id": "txn_460000",
    "type": "deposit",
    "asset": "ETH",
    "amount": 4.29000305,
    "price": 17711.96,
    "timestamp": "2024-05-15T07:12:14.790783"
  },
  {
    "transaction_id": "txn_692382",
    "type": "buy",
    "asset": "XRP",
    "amount": 3.08381422,
    "price": 2239.35,
    "timestamp": "2024-03-18T13:57:14.790796"
  },
  {
    "transaction_id": "txn_615786",
    "type": "deposit",
    "asset": "SOL",
    "amount": 2.56390178,
    "price": 2067.71,
    "timestamp": "2024-07-01T17:54:14.790811"
  },
  {
    "transaction_id": "txn_283399",
    "type": "buy",
    "asset": "XRP",
    "amount": 2.86858233,
    "price": 23303.47,
    "timestamp": "2024-02-06T17:01:14.790824"
  },
  {
    "transaction_id": "txn_148230",
    "type": "deposit",
    "asset": "ETH",
    "amount": 1.6066209,
    "price": 23165.04,
    "timestamp": "2024-06-17T06:41:14.790837"
  },
  {
    "transaction_id": "txn_528481",
    "type": "sell",
    "asset": "XRP",
    "amount": 3.31761455,
    "price": 30696.99,
    "timestamp": "2024-03-01T10:01:14.790851"
  },
  {
    "transaction_id": "txn_111355",
    "type": "withdraw",
    "asset": "SOL",
    "amount": 0.31628233,
    "price": 43646.12,
    "timestamp": "2023-11-10T06:20:14.790864"
  },
  {
    "transaction_id": "txn_307915",
    "type": "sell",
    "asset": "XRP",
    "amount": 0.31744103,
    "price": 48331.43,
    "timestamp": "2024-01-30T12:55:14.790877"
  },
  {
    "transaction_id": "txn_446539",
    "type": "withdraw",
    "asset": "ETH",
    "amount": 3.55605624,
    "price": 23305.31,
    "timestamp": "2024-10-28T09:21:14.790891"
  },
  {
    "transaction_id": "txn_580080",
    "type": "buy",
    "asset": "USDT",
    "amount": 1.71646563,
    "price": 42702.23,
    "timestamp": "2023-11-11T22:06:14.790904"
  },
  {
    "transaction_id": "txn_264302",
    "type": "sell",
    "asset": "DOGE",
    "amount": 4.07247578,
    "price": 10393.25,
    "timestamp": "2024-02-01T03:24:14.790916"
  },
  {
    "transaction_id": "txn_430404",
    "type": "sell",
    "asset": "XRP",
    "amount": 4.8468716,
    "price": 27476.9,
    "timestamp": "2024-07-03T08:07:14.790929"
  },
  {
    "transaction_id": "txn_972559",
    "type": "sell",
    "asset": "XRP",
    "amount": 4.05784435,
    "price": 28926.78,
    "timestamp": "2023-11-07T20:51:14.790942"
  },
  {
    "transaction_id": "txn_512251",
    "type": "sell",
    "asset": "BTC",
    "amount": 4.29507721,
    "price": 804.44,
    "timestamp": "2024-05-21T22:49:14.790955"
  },
  {
    "transaction_id": "txn_435288",
    "type": "sell",
    "asset": "ETH",
    "amount": 4.11497429,
    "price": 34921.09,
    "timestamp": "2024-10-16T01:43:14.790967"
  },
  {
    "transaction_id": "txn_159753",
    "type": "buy",
    "asset": "ETH",
    "amount": 0.60417641,
    "price": 3107.0,
    "timestamp": "2024-07-13T09:04:14.790981"
  },
  {
    "transaction_id": "txn_505802",
    "type": "deposit",
    "asset": "DOGE",
    "amount": 4.60116328,
    "price": 43611.4,
    "timestamp": "2024-09-25T12:42:14.790994"
  },
  {
    "transaction_id": "txn_340355",
    "type": "withdraw",
    "asset": "DOT",
    "amount": 0.74925141,
    "price": 28265.16,
    "timestamp": "2024-06-07T15:17:14.791007"
  },
  {
    "transaction_id": "txn_496773",
    "type": "buy",
    "asset": "ADA",
    "amount": 3.96892986,
    "price": 22942.43,
    "timestamp": "2024-10-21T11:23:14.791020"
  },
  {
    "transaction_id": "txn_339684",
    "type": "sell",
    "asset": "DOGE",
    "amount": 2.88143668,
    "price": 38000.93,
    "timestamp": "2024-06-25T14:19:14.791032"
  },
  {
    "transaction_id": "txn_607146",
    "type": "sell",
    "asset": "XRP",
    "amount": 0.61626591,
    "price": 38508.19,
    "timestamp": "2024-01-15T14:02:14.791045"
  },
  {
    "transaction_id": "txn_215942",
    "type": "sell",
    "asset": "SOL",
    "amount": 0.9952771,
    "price": 47541.07,
    "timestamp": "2024-10-13T18:21:14.791058"
  },
  {
    "transaction_id": "txn_863862",
    "type": "withdraw",
    "asset": "ETH",
    "amount": 2.04753639,
    "price": 43275.72,
    "timestamp": "2024-06-16T05:28:14.791071"
  },
  {
    "transaction_id": "txn_525950",
    "type": "sell",
    "asset": "SOL",
    "amount": 4.10040426,
    "price": 19074.62,
    "timestamp": "2024-01-27T17:30:14.791083"
  },
  {
    "transaction_id": "txn_974323",
    "type": "sell",
    "asset": "ETH",
    "amount": 2.72344847,
    "price": 29283.09,
    "timestamp": "2024-06-20T07:37:14.791096"
  },
  {
    "transaction_id": "txn_368125",
    "type": "buy",
    "asset": "ETH",
    "amount": 2.36774112,
    "price": 38311.48,
    "timestamp": "2024-10-11T13:08:14.791109"
  },
  {
    "transaction_id": "txn_646390",
    "type": "buy",
    "asset": "ETH",
    "amount": 0.28330486,
    "price": 18136.24,
    "timestamp": "2024-06-09T03:48:14.791122"
  },
  {
    "transaction_id": "txn_123217",
    "type": "sell",
    "asset": "BTC",
    "amount": 1.820755,
    "price": 49397.27,
    "timestamp": "2024-05-14T14:34:14.791135"
  },
  {
    "transaction_id": "txn_198409",
    "type": "buy",
    "asset": "USDT",
    "amount": 1.38124415,
    "price": 41091.54,
    "timestamp": "2024-04-16T21:11:14.791148"
  },
  {
    "transaction_id": "txn_626957",
    "type": "buy",
    "asset": "BNB",
    "amount": 1.82322438,
    "price": 21733.23,
    "timestamp": "2024-03-29T13:58:14.791161"
  },
  {
    "transaction_id": "txn_141364",
    "type": "withdraw",
    "asset": "USDT",
    "amount": 4.68689691,
    "price": 27749.7,
    "timestamp": "2024-06-22T06:59:14.791177"
  },
  {
    "transaction_id": "txn_887745",
    "type": "sell",
    "asset": "DOT",
    "amount": 1.13268569,
    "price": 42378.76,
    "timestamp": "2024-02-29T19:54:14.791190"
  },
  {
    "transaction_id": "txn_336270",
    "type": "buy",
    "asset": "LTC",
    "amount": 0.86790672,
    "price": 4384.09,
    "timestamp": "2024-10-28T16:14:14.791203"
  },
  {
    "transaction_id": "txn_526362",
    "type": "withdraw",
    "asset": "SOL",
    "amount": 4.26879517,
    "price": 31900.3,
    "timestamp": "2024-01-03T04:52:14.791216"
  },
  {
    "transaction_id": "txn_564166",
    "type": "buy",
    "asset": "ADA",
    "amount": 0.15047595,
    "price": 30202.52,
    "timestamp": "2024-01-18T02:42:14.791228"
  },
  {
    "transaction_id": "txn_836544",
    "type": "withdraw",
    "asset": "LTC",
    "amount": 4.33574324,
    "price": 36540.41,
    "timestamp": "2024-08-28T14:36:14.791241"
  },
  {
    "transaction_id": "txn_167607",
    "type": "deposit",
    "asset": "USDT",
    "amount": 4.11219612,
    "price": 40550.74,
    "timestamp": "2024-08-09T01:02:14.791254"
  },
  {
    "transaction_id": "txn_253000",
    "type": "buy",
    "asset": "USDT",
    "amount": 2.60735733,
    "price": 31297.35,
    "timestamp": "2023-12-14T02:57:14.791268"
  },
  {
    "transaction_id": "txn_776783",
    "type": "sell",
    "asset": "ADA",
    "amount": 1.18392483,
    "price": 34461.95,
    "timestamp": "2023-12-26T20:30:14.791280"
  },
  {
    "transaction_id": "txn_733950",
    "type": "deposit",
    "asset": "LTC",
    "amount": 1.09286209,
    "price": 18617.42,
    "timestamp": "2024-04-13T07:27:14.791293"
  },
  {
    "transaction_id": "txn_347375",
    "type": "deposit",
    "asset": "ETH",
    "amount": 0.78082525,
    "price": 39367.55,
    "timestamp": "2024-09-17T03:38:14.791307"
  },
  {
    "transaction_id": "txn_185904",
    "type": "deposit",
    "asset": "LTC",
    "amount": 2.24820253,
    "price": 28712.48,
    "timestamp": "2024-01-10T14:36:14.791320"
  },
  {
    "transaction_id": "txn_384702",
    "type": "deposit",
    "asset": "DOGE",
    "amount": 0.24957418,
    "price": 45161.36,
    "timestamp": "2024-07-01T23:36:14.791333"
  },
  {
    "transaction_id": "txn_152258",
    "type": "buy",
    "asset": "LTC",
    "amount": 2.04478881,
    "price": 7298.2,
    "timestamp": "2024-04-25T13:27:14.791347"
  },
  {
    "transaction_id": "txn_920165",
    "type": "withdraw",
    "asset": "USDT",
    "amount": 4.6872053,
    "price": 20261.4,
    "timestamp": "2023-11-28T05:00:14.791360"
  },
  {
    "transaction_id": "txn_950097",
    "type": "sell",
    "asset": "BNB",
    "amount": 0.37899138,
    "price": 34100.13,
    "timestamp": "2024-05-21T20:14:14.791373"
  },
  {
    "transaction_id": "txn_168347",
    "type": "buy",
    "asset": "DOGE",
    "amount": 1.83915852,
    "price": 42533.98,
    "timestamp": "2024-02-23T09:50:14.791385"
  },
  {
    "transaction_id": "txn_756821",
    "type": "sell",
    "asset": "SOL",
    "amount": 0.94005955,
    "price": 43876.37,
    "timestamp": "2024-07-13T03:01:14.791398"
  },
  {
    "transaction_id": "txn_499187",
    "type": "sell",
    "asset": "LTC",
    "amount": 3.66051214,
    "price": 12202.46,
    "timestamp": "2023-12-16T22:11:14.791410"
  },
  {
    "transaction_id": "txn_144818",
    "type": "sell",
    "asset": "BTC",
    "amount": 4.95719036,
    "price": 28638.6,
    "timestamp": "2024-08-26T10:14:14.791425"
  },
  {
    "transaction_id": "txn_889902",
    "type": "deposit",
    "asset": "BNB",
    "amount": 1.70011055,
    "price": 47067.39,
    "timestamp": "2024-08-12T23:08:14.791438"
  },
  {
    "transaction_id": "txn_750479",
    "type": "buy",
    "asset": "DOT",
    "amount": 4.64905536,
    "price": 23179.42,
    "timestamp": "2023-11-21T17:18:14.791450"
  },
  {
    "transaction_id": "txn_312298",
    "type": "buy",
    "asset": "DOT",
    "amount": 0.2711922,
    "price": 29801.07,
    "timestamp": "2024-08-10T00:29:14.791463"
  },
  {
    "transaction_id": "txn_964670",
    "type": "buy",
    "asset": "LTC",
    "amount": 4.47788622,
    "price": 3226.13,
    "timestamp": "2024-08-25T20:01:14.791477"
  },
  {
    "transaction_id": "txn_772387",
    "type": "withdraw",
    "asset": "BNB",
    "amount": 1.43595539,
    "price": 37930.63,
    "timestamp": "2023-11-08T06:38:14.791490"
  },
  {
    "transaction_id": "txn_489026",
    "type": "deposit",
    "asset": "SOL",
    "amount": 4.63610703,
    "price": 31847.05,
    "timestamp": "2024-01-05T17:33:14.791502"
  },
  {
    "transaction_id": "txn_840187",
    "type": "buy",
    "asset": "BTC",
    "amount": 1.14556774,
    "price": 49785.28,
    "timestamp": "2024-11-04T13:59:14.791515"
  },
  {
    "transaction_id": "txn_705625",
    "type": "buy",
    "asset": "USDT",
    "amount": 4.99219529,
    "price": 18313.71,
    "timestamp": "2024-09-19T04:39:14.791528"
  },
  {
    "transaction_id": "txn_939123",
    "type": "deposit",
    "asset": "LTC",
    "amount": 1.37772279,
    "price": 19966.68,
    "timestamp": "2024-07-11T17:44:14.791543"
  },
  {
    "transaction_id": "txn_355661",
    "type": "withdraw",
    "asset": "LTC",
    "amount": 0.93016084,
    "price": 31771.95,
    "timestamp": "2024-02-28T03:59:14.791557"
  },
  {
    "transaction_id": "txn_341414",
    "type": "sell",
    "asset": "ETH",
    "amount": 3.6033328,
    "price": 15187.32,
    "timestamp": "2023-12-01T23:55:14.791570"
  },
  {
    "transaction_id": "txn_596867",
    "type": "deposit",
    "asset": "LTC",
    "amount": 4.26577976,
    "price": 46082.46,
    "timestamp": "2024-05-10T15:47:14.791583"
  },
  {
    "transaction_id": "txn_614872",
    "type": "buy",
    "asset": "ETH",
    "amount": 2.77287699,
    "price": 12762.07,
    "timestamp": "2023-12-03T10:30:14.791596"
  },
  {
    "transaction_id": "txn_943355",
    "type": "deposit",
    "asset": "SOL",
    "amount": 1.75820123,
    "price": 41104.13,
    "timestamp": "2024-06-09T04:36:14.791608"
  },
  {
    "transaction_id": "txn_126817",
    "type": "buy",
    "asset": "ADA",
    "amount": 0.10825041,
    "price": 34860.21,
    "timestamp": "2024-06-25T18:44:14.791621"
  },
  {
    "transaction_id": "txn_993884",
    "type": "deposit",
    "asset": "XRP",
    "amount": 4.52089781,
    "price": 20043.65,
    "timestamp": "2024-02-29T01:42:14.791634"
  },
  {
    "transaction_id": "txn_937818",
    "type": "sell",
    "asset": "ADA",
    "amount": 3.98373285,
    "price": 44744.63,
    "timestamp": "2024-10-24T22:13:14.791647"
  },
  {
    "transaction_id": "txn_543655",
    "type": "deposit",
    "asset": "ETH",
    "amount": 3.66459269,
    "price": 21021.21,
    "timestamp": "2024-07-21T19:25:14.791661"
  },
  {
    "transaction_id": "txn_913949",
    "type": "sell",
    "asset": "DOGE",
    "amount": 2.4518577,
    "price": 994.33,
    "timestamp": "2024-06-19T00:46:14.791674"
  },
  {
    "transaction_id": "txn_981546",
    "type": "sell",
    "asset": "USDT",
    "amount": 2.30564822,
    "price": 35596.2,
    "timestamp": "2024-09-07T03:21:14.791687"
  },
  {
    "transaction_id": "txn_454964",
    "type": "sell",
    "asset": "ADA",
    "amount": 3.10116557,
    "price": 12365.72,
    "timestamp": "2023-11-25T18:12:14.791700"
  },
  {
    "transaction_id": "txn_332276",
    "type": "sell",
    "asset": "SOL",
    "amount": 2.99613953,
    "price": 49644.3,
    "timestamp": "2024-05-01T16:46:14.791713"
  },
  {
    "transaction_id": "txn_728420",
    "type": "withdraw",
    "asset": "BTC",
    "amount": 3.70222726,
    "price": 5272.25,
    "timestamp": "2024-08-19T12:33:14.791727"
  },
  {
    "transaction_id": "txn_926947",
    "type": "sell",
    "asset": "LTC",
    "amount": 3.67364966,
    "price": 23400.84,
    "timestamp": "2023-12-18T13:04:14.791739"
  },
  {
    "transaction_id": "txn_756991",
    "type": "buy",
    "asset": "SOL",
    "amount": 3.11365084,
    "price": 29380.38,
    "timestamp": "2023-11-05T10:28:14.791770"
  },
  {
    "transaction_id": "txn_724305",
    "type": "deposit",
    "asset": "ETH",
    "amount": 0.10502918,
    "price": 780.15,
    "timestamp": "2024-06-17T21:20:14.791783"
  },
  {
    "transaction_id": "txn_232269",
    "type": "withdraw",
    "asset": "USDT",
    "amount": 3.65605443,
    "price": 42603.17,
    "timestamp": "2024-08-09T16:58:14.791796"
  },
  {
    "transaction_id": "txn_291425",
    "type": "withdraw",
    "asset": "DOT",
    "amount": 4.92315692,
    "price": 22399.17,
    "timestamp": "2024-08-19T14:50:14.791816"
  },
  {
    "transaction_id": "txn_985722",
    "type": "sell",
    "asset": "ADA",
    "amount": 3.86752784,
    "price": 2076.75,
    "timestamp": "2024-08-22T10:44:14.791829"
  },
  {
    "transaction_id": "txn_848436",
    "type": "deposit",
    "asset": "DOT",
    "amount": 4.16994407,
    "price": 20047.58,
    "timestamp": "2023-11-25T04:13:14.791842"
  },
  {
    "transaction_id": "txn_203859",
    "type": "deposit",
    "asset": "LTC",
    "amount": 4.24883771,
    "price": 13743.64,
    "timestamp": "2023-12-19T17:48:14.791854"
  },
  {
    "transaction_id": "txn_806773",
    "type": "buy",
    "asset": "LTC",
    "amount": 1.95212622,
    "price": 38480.42,
    "timestamp": "2024-10-07T05:25:14.791867"
  },
  {
    "transaction_id": "txn_716970",
    "type": "sell",
    "asset": "ADA",
    "amount": 0.69164944,
    "price": 27199.17,
    "timestamp": "2024-07-03T03:45:14.791879"
  },
  {
    "transaction_id": "txn_841224",
    "type": "withdraw",
    "asset": "BTC",
    "amount": 2.44631482,
    "price": 46231.36,
    "timestamp": "2024-07-22T20:21:14.791892"
  },
  {
    "transaction_id": "txn_183345",
    "type": "withdraw",
    "asset": "ADA",
    "amount": 3.1931245,
    "price": 34001.81,
    "timestamp": "2024-04-05T14:15:14.791905"
  },
  {
    "transaction_id": "txn_660122",
    "type": "sell",
    "asset": "USDT",
    "amount": 1.52918193,
    "price": 9674.18,
    "timestamp": "2024-03-08T00:08:14.791917"
  },
  {
    "transaction_id": "txn_561534",
    "type": "sell",
    "asset": "DOT",
    "amount": 3.27280596,
    "price": 28268.36,
    "timestamp": "2024-08-26T01:02:14.791930"
  },
  {
    "transaction_id": "txn_724413",
    "type": "deposit",
    "asset": "SOL",
    "amount": 4.34941442,
    "price": 26168.63,
    "timestamp": "2024-05-23T21:00:14.791944"
  },
  {
    "transaction_id": "txn_421907",
    "type": "deposit",
    "asset": "ETH",
    "amount": 4.1597621,
    "price": 6729.8,
    "timestamp": "2024-10-31T12:55:14.791957"
  },
  {
    "transaction_id": "txn_585270",
    "type": "withdraw",
    "asset": "BTC",
    "amount": 3.54000543,
    "price": 14493.96,
    "timestamp": "2024-04-30T03:07:14.791969"
  },
  {
    "transaction_id": "txn_123235",
    "type": "deposit",
    "asset": "XRP",
    "amount": 1.60045238,
    "price": 2388.42,
    "timestamp": "2024-09-21T03:59:14.791983"
  },
  {
    "transaction_id": "txn_520143",
    "type": "withdraw",
    "asset": "SOL",
    "amount": 0.58517085,
    "price": 26810.46,
    "timestamp": "2024-07-21T01:52:14.791996"
  },
  {
    "transaction_id": "txn_606042",
    "type": "sell",
    "asset": "BTC",
    "amount": 3.15481598,
    "price": 4480.42,
    "timestamp": "2024-05-29T11:34:14.792008"
  },
  {
    "transaction_id": "txn_936708",
    "type": "deposit",
    "asset": "ADA",
    "amount": 2.70287477,
    "price": 42038.75,
    "timestamp": "2024-04-08T02:09:14.792021"
  },
  {
    "transaction_id": "txn_278619",
    "type": "deposit",
    "asset": "DOGE",
    "amount": 0.2836953,
    "price": 31312.52,
    "timestamp": "2024-06-18T20:09:14.792033"
  },
  {
    "transaction_id": "txn_251549",
    "type": "buy",
    "asset": "DOT",
    "amount": 3.96195733,
    "price": 40266.24,
    "timestamp": "2024-05-27T16:47:14.792065"
  },
  {
    "transaction_id": "txn_119747",
    "type": "withdraw",
    "asset": "XRP",
    "amount": 0.19234045,
    "price": 25391.52,
    "timestamp": "2024-01-08T03:24:14.792078"
  },
  {
    "transaction_id": "txn_394547",
    "type": "buy",
    "asset": "SOL",
    "amount": 1.55820053,
    "price": 44418.97,
    "timestamp": "2023-12-13T14:50:14.792091"
  },
  {
    "transaction_id": "txn_131811",
    "type": "sell",
    "asset": "DOGE",
    "amount": 3.58215329,
    "price": 18395.27,
    "timestamp": "2024-03-16T06:47:14.792104"
  },
  {
    "transaction_id": "txn_470596",
    "type": "withdraw",
    "asset": "DOT",
    "amount": 3.95489837,
    "price": 23190.78,
    "timestamp": "2024-02-13T07:36:14.792118"
  },
  {
    "transaction_id": "txn_610360",
    "type": "sell",
    "asset": "USDT",
    "amount": 3.77896733,
    "price": 32483.68,
    "timestamp": "2024-01-22T09:43:14.792131"
  },
  {
    "transaction_id": "txn_704122",
    "type": "withdraw",
    "asset": "LTC",
    "amount": 2.47879893,
    "price": 35962.34,
    "timestamp": "2024-07-21T03:21:14.792144"
  },
  {
    "transaction_id": "txn_952872",
    "type": "deposit",
    "asset": "DOGE",
    "amount": 2.87464629,
    "price": 2502.48,
    "timestamp": "2024-09-03T07:22:14.792158"
  },
  {
    "transaction_id": "txn_420496",
    "type": "deposit",
    "asset": "BNB",
    "amount": 3.16560747,
    "price": 19822.62,
    "timestamp": "2024-02-16T05:03:14.792171"
  },
  {
    "transaction_id": "txn_698812",
    "type": "deposit",
    "asset": "BTC",
    "amount": 2.2883649,
    "price": 2950.6,
    "timestamp": "2024-09-05T22:35:14.792186"
  },
  {
    "transaction_id": "txn_837239",
    "type": "deposit",
    "asset": "ADA",
    "amount": 0.23767517,
    "price": 3726.23,
    "timestamp": "2024-07-14T15:22:14.792199"
  },
  {
    "transaction_id": "txn_599146",
    "type": "buy",
    "asset": "SOL",
    "amount": 0.75743633,
    "price": 40384.44,
    "timestamp": "2024-07-22T23:00:14.792212"
  },
  {
    "transaction_id": "txn_296982",
    "type": "withdraw",
    "asset": "XRP",
    "amount": 4.30091294,
    "price": 1282.85,
    "timestamp": "2024-08-10T09:41:14.792225"
  },
  {
    "transaction_id": "txn_899793",
    "type": "deposit",
    "asset": "LTC",
    "amount": 0.75165215,
    "price": 44062.93,
    "timestamp": "2024-08-07T12:12:14.792239"
  },
  {
    "transaction_id": "txn_254374",
    "type": "deposit",
    "asset": "XRP",
    "amount": 0.97483062,
    "price": 6990.01,
    "timestamp": "2024-05-28T21:34:14.792251"
  },
  {
    "transaction_id": "txn_842221",
    "type": "buy",
    "asset": "XRP",
    "amount": 3.07136071,
    "price": 37913.11,
    "timestamp": "2024-10-25T09:17:14.792264"
  },
  {
    "transaction_id": "txn_768034",
    "type": "buy",
    "asset": "ADA",
    "amount": 2.71165711,
    "price": 17795.41,
    "timestamp": "2024-03-24T23:43:14.792277"
  },
  {
    "transaction_id": "txn_661707",
    "type": "sell",
    "asset": "XRP",
    "amount": 0.30168328,
    "price": 22366.49,
    "timestamp": "2024-08-30T09:44:14.792291"
  },
  {
    "transaction_id": "txn_653134",
    "type": "deposit",
    "asset": "XRP",
    "amount": 1.19136943,
    "price": 18318.82,
    "timestamp": "2024-03-26T00:55:14.792304"
  },
  {
    "transaction_id": "txn_368352",
    "type": "withdraw",
    "asset": "USDT",
    "amount": 4.49584489,
    "price": 47109.7,
    "timestamp": "2024-10-06T15:25:14.792318"
  },
  {
    "transaction_id": "txn_392268",
    "type": "sell",
    "asset": "ADA",
    "amount": 4.58368061,
    "price": 10119.63,
    "timestamp": "2024-05-30T03:02:14.792331"
  },
  {
    "transaction_id": "txn_150409",
    "type": "withdraw",
    "asset": "USDT",
    "amount": 3.33068952,
    "price": 34840.57,
    "timestamp": "2024-09-23T18:43:14.792344"
  },
  {
    "transaction_id": "txn_292652",
    "type": "withdraw",
    "asset": "USDT",
    "amount": 3.87305845,
    "price": 41260.82,
    "timestamp": "2023-11-19T07:04:14.792356"
  },
  {
    "transaction_id": "txn_399918",
    "type": "buy",
    "asset": "BNB",
    "amount": 0.30387808,
    "price": 9194.07,
    "timestamp": "2024-07-04T06:55:14.792370"
  },
  {
    "transaction_id": "txn_557161",
    "type": "buy",
    "asset": "XRP",
    "amount": 2.25692417,
    "price": 3085.19,
    "timestamp": "2024-09-24T00:36:14.792382"
  },
  {
    "transaction_id": "txn_846300",
    "type": "buy",
    "asset": "ADA",
    "amount": 4.74006049,
    "price": 3501.3,
    "timestamp": "2024-10-23T12:37:14.792395"
  },
  {
    "transaction_id": "txn_957298",
    "type": "sell",
    "asset": "DOT",
    "amount": 1.49624742,
    "price": 32752.08,
    "timestamp": "2024-03-31T06:20:14.792407"
  },
  {
    "transaction_id": "txn_203751",
    "type": "buy",
    "asset": "DOGE",
    "amount": 1.47305381,
    "price": 18504.71,
    "timestamp": "2023-12-04T00:59:14.792420"
  },
  {
    "transaction_id": "txn_280205",
    "type": "withdraw",
    "asset": "SOL",
    "amount": 3.39035342,
    "price": 12923.44,
    "timestamp": "2024-01-06T06:24:14.792433"
  },
  {
    "transaction_id": "txn_912697",
    "type": "withdraw",
    "asset": "SOL",
    "amount": 4.53712429,
    "price": 18168.06,
    "timestamp": "2024-03-08T09:10:14.792446"
  },
  {
    "transaction_id": "txn_978826",
    "type": "sell",
    "asset": "DOGE",
    "amount": 0.10762477,
    "price": 11656.6,
    "timestamp": "2024-10-21T11:48:14.792458"
  },
  {
    "transaction_id": "txn_908566",
    "type": "deposit",
    "asset": "USDT",
    "amount": 2.09323166,
    "price": 49697.74,
    "timestamp": "2024-07-15T15:02:14.792471"
  },
  {
    "transaction_id": "txn_104704",
    "type": "withdraw",
    "asset": "LTC",
    "amount": 4.86774252,
    "price": 37956.77,
    "timestamp": "2024-10-19T06:18:14.792484"
  },
  {
    "transaction_id": "txn_143338",
    "type": "withdraw",
    "asset": "BTC",
    "amount": 4.28068695,
    "price": 33111.38,
    "timestamp": "2024-09-15T20:55:14.792496"
  },
  {
    "transaction_id": "txn_516997",
    "type": "buy",
    "asset": "DOGE",
    "amount": 2.79496635,
    "price": 18409.36,
    "timestamp": "2024-04-27T14:16:14.792510"
  },
  {
    "transaction_id": "txn_417050",
    "type": "deposit",
    "asset": "BNB",
    "amount": 2.1645788,
    "price": 38474.82,
    "timestamp": "2024-04-16T06:03:14.792523"
  },
  {
    "transaction_id": "txn_794918",
    "type": "deposit",
    "asset": "ADA",
    "amount": 3.83373912,
    "price": 19744.47,
    "timestamp": "2024-07-17T13:01:14.792536"
  },
  {
    "transaction_id": "txn_559082",
    "type": "sell",
    "asset": "ETH",
    "amount": 2.79334739,
    "price": 28020.69,
    "timestamp": "2024-01-23T04:45:14.792549"
  },
  {
    "transaction_id": "txn_845135",
    "type": "buy",
    "asset": "XRP",
    "amount": 4.99590212,
    "price": 45369.48,
    "timestamp": "2024-10-08T02:02:14.792561"
  },
  {
    "transaction_id": "txn_612457",
    "type": "deposit",
    "asset": "BTC",
    "amount": 0.75463847,
    "price": 39651.11,
    "timestamp": "2024-01-29T12:50:14.792581"
  },
  {
    "transaction_id": "txn_212225",
    "type": "deposit",
    "asset": "ETH",
    "amount": 1.82421522,
    "price": 39395.1,
    "timestamp": "2023-12-26T12:19:14.792595"
  },
  {
    "transaction_id": "txn_984720",
    "type": "deposit",
    "asset": "ETH",
    "amount": 0.22532033,
    "price": 42176.18,
    "timestamp": "2024-04-10T10:09:14.792610"
  },
  {
    "transaction_id": "txn_233111",
    "type": "sell",
    "asset": "DOGE",
    "amount": 3.53196458,
    "price": 6334.0,
    "timestamp": "2024-07-02T04:11:14.792623"
  },
  {
    "transaction_id": "txn_442025",
    "type": "buy",
    "asset": "BNB",
    "amount": 4.02236931,
    "price": 3831.81,
    "timestamp": "2023-12-19T09:36:14.792637"
  },
  {
    "transaction_id": "txn_710635",
    "type": "deposit",
    "asset": "ADA",
    "amount": 0.93879086,
    "price": 30615.98,
    "timestamp": "2024-02-17T21:59:14.792649"
  },
  {
    "transaction_id": "txn_834673",
    "type": "withdraw",
    "asset": "ADA",
    "amount": 2.55454712,
    "price": 2603.33,
    "timestamp": "2024-05-11T23:45:14.792662"
  },
  {
    "transaction_id": "txn_731990",
    "type": "withdraw",
    "asset": "LTC",
    "amount": 1.14502268,
    "price": 19388.47,
    "timestamp": "2024-07-09T22:20:14.792675"
  },
  {
    "transaction_id": "txn_484540",
    "type": "buy",
    "asset": "BTC",
    "amount": 2.83651614,
    "price": 41832.67,
    "timestamp": "2023-12-08T10:14:14.792688"
  },
  {
    "transaction_id": "txn_815824",
    "type": "sell",
    "asset": "BTC",
    "amount": 2.29432702,
    "price": 12588.87,
    "timestamp": "2024-10-02T21:01:14.792700"
  },
  {
    "transaction_id": "txn_223980",
    "type": "buy",
    "asset": "XRP",
    "amount": 3.34875659,
    "price": 29213.06,
    "timestamp": "2023-11-28T22:05:14.792713"
  },
  {
    "transaction_id": "txn_929025",
    "type": "buy",
    "asset": "LTC",
    "amount": 2.67343314,
    "price": 15027.17,
    "timestamp": "2024-08-23T01:42:14.792726"
  },
  {
    "transaction_id": "txn_333995",
    "type": "buy",
    "asset": "ETH",
    "amount": 1.58634097,
    "price": 8505.63,
    "timestamp": "2024-06-08T17:16:14.792739"
  },
  {
    "transaction_id": "txn_425954",
    "type": "withdraw",
    "asset": "SOL",
    "amount": 2.00063951,
    "price": 23518.03,
    "timestamp": "2024-04-10T21:36:14.792751"
  },
  {
    "transaction_id": "txn_980654",
    "type": "deposit",
    "asset": "USDT",
    "amount": 4.66369694,
    "price": 29908.38,
    "timestamp": "2024-06-02T17:47:14.792764"
  },
  {
    "transaction_id": "txn_278801",
    "type": "buy",
    "asset": "LTC",
    "amount": 3.31822303,
    "price": 15723.79,
    "timestamp": "2024-06-30T08:59:14.792777"
  },
  {
    "transaction_id": "txn_262922",
    "type": "deposit",
    "asset": "BNB",
    "amount": 3.79692441,
    "price": 28187.07,
    "timestamp": "2024-07-30T22:43:14.792790"
  },
  {
    "transaction_id": "txn_671693",
    "type": "deposit",
    "asset": "BNB",
    "amount": 4.9592566,
    "price": 49524.14,
    "timestamp": "2024-03-08T01:31:14.792803"
  },
  {
    "transaction_id": "txn_650873",
    "type": "deposit",
    "asset": "SOL",
    "amount": 2.33741412,
    "price": 16823.35,
    "timestamp": "2024-01-05T14:12:14.792817"
  },
  {
    "transaction_id": "txn_694023",
    "type": "sell",
    "asset": "SOL",
    "amount": 2.8226599,
    "price": 43254.97,
    "timestamp": "2024-10-01T17:14:14.792830"
  },
  {
    "transaction_id": "txn_518402",
    "type": "sell",
    "asset": "DOGE",
    "amount": 3.17598099,
    "price": 4027.34,
    "timestamp": "2024-06-06T10:29:14.792843"
  },
  {
    "transaction_id": "txn_295155",
    "type": "withdraw",
    "asset": "BTC",
    "amount": 1.91615953,
    "price": 4225.43,
    "timestamp": "2024-02-20T08:15:14.792856"
  },
  {
    "transaction_id": "txn_528568",
    "type": "withdraw",
    "asset": "BTC",
    "amount": 2.6273101,
    "price": 44571.55,
    "timestamp": "2024-09-12T04:03:14.792869"
  },
  {
    "transaction_id": "txn_566718",
    "type": "withdraw",
    "asset": "XRP",
    "amount": 0.74386206,
    "price": 30442.78,
    "timestamp": "2024-05-17T00:42:14.792882"
  },
  {
    "transaction_id": "txn_195932",
    "type": "deposit",
    "asset": "SOL",
    "amount": 1.66358253,
    "price": 28391.29,
    "timestamp": "2024-04-10T21:22:14.792894"
  },
  {
    "transaction_id": "txn_221105",
    "type": "buy",
    "asset": "USDT",
    "amount": 0.89121453,
    "price": 25124.77,
    "timestamp": "2024-01-27T00:29:14.792906"
  },
  {
    "transaction_id": "txn_420797",
    "type": "buy",
    "asset": "DOGE",
    "amount": 2.39245621,
    "price": 26969.47,
    "timestamp": "2024-01-04T05:40:14.792920"
  },
  {
    "transaction_id": "txn_457585",
    "type": "sell",
    "asset": "LTC",
    "amount": 4.38393829,
    "price": 8095.53,
    "timestamp": "2024-11-05T07:06:14.792935"
  },
  {
    "transaction_id": "txn_414669",
    "type": "buy",
    "asset": "SOL",
    "amount": 0.15015591,
    "price": 17199.74,
    "timestamp": "2024-03-29T07:51:14.792947"
  },
  {
    "transaction_id": "txn_862675",
    "type": "deposit",
    "asset": "BTC",
    "amount": 2.29175101,
    "price": 34300.15,
    "timestamp": "2024-07-08T17:54:14.792960"
  },
  {
    "transaction_id": "txn_942261",
    "type": "withdraw",
    "asset": "XRP",
    "amount": 1.9459484,
    "price": 4093.79,
    "timestamp": "2024-05-09T09:06:14.793229"
  },
  {
    "transaction_id": "txn_943650",
    "type": "buy",
    "asset": "DOGE",
    "amount": 1.62794213,
    "price": 33729.88,
    "timestamp": "2024-02-14T10:57:14.793250"
  },
  {
    "transaction_id": "txn_958157",
    "type": "deposit",
    "asset": "DOT",
    "amount": 4.91585779,
    "price": 45935.51,
    "timestamp": "2024-03-08T14:15:14.793266"
  },
  {
    "transaction_id": "txn_506752",
    "type": "buy",
    "asset": "ADA",
    "amount": 0.07249394,
    "price": 13809.41,
    "timestamp": "2023-12-14T13:09:14.793283"
  },
  {
    "transaction_id": "txn_691616",
    "type": "withdraw",
    "asset": "BNB",
    "amount": 2.15587215,
    "price": 31706.33,
    "timestamp": "2024-04-09T21:49:14.793297"
  },
  {
    "transaction_id": "txn_687530",
    "type": "buy",
    "asset": "SOL",
    "amount": 2.8572674,
    "price": 19091.25,
    "timestamp": "2023-11-08T00:24:14.793312"
  },
  {
    "transaction_id": "txn_129624",
    "type": "sell",
    "asset": "ADA",
    "amount": 4.35835964,
    "price": 12510.27,
    "timestamp": "2024-04-04T00:31:14.793325"
  },
  {
    "transaction_id": "txn_297643",
    "type": "sell",
    "asset": "ADA",
    "amount": 1.89167695,
    "price": 29685.69,
    "timestamp": "2024-10-06T12:37:14.793338"
  },
  {
    "transaction_id": "txn_882132",
    "type": "deposit",
    "asset": "USDT",
    "amount": 3.83561955,
    "price": 8219.7,
    "timestamp": "2024-02-26T22:27:14.793355"
  },
  {
    "transaction_id": "txn_352496",
    "type": "deposit",
    "asset": "USDT",
    "amount": 2.95315185,
    "price": 24860.47,
    "timestamp": "2024-08-05T13:04:14.793368"
  },
  {
    "transaction_id": "txn_690813",
    "type": "buy",
    "asset": "XRP",
    "amount": 0.92838838,
    "price": 45586.65,
    "timestamp": "2024-02-04T06:58:14.793382"
  },
  {
    "transaction_id": "txn_788674",
    "type": "buy",
    "asset": "ETH",
    "amount": 2.52301621,
    "price": 27131.58,
    "timestamp": "2024-04-20T22:34:14.793404"
  },
  {
    "transaction_id": "txn_676769",
    "type": "sell",
    "asset": "XRP",
    "amount": 1.96620833,
    "price": 19991.34,
    "timestamp": "2024-09-10T13:01:14.793418"
  },
  {
    "transaction_id": "txn_670457",
    "type": "deposit",
    "asset": "USDT",
    "amount": 1.31206112,
    "price": 17607.17,
    "timestamp": "2024-01-14T19:16:14.793431"
  },
  {
    "transaction_id": "txn_793118",
    "type": "deposit",
    "asset": "XRP",
    "amount": 1.3131743,
    "price": 28732.12,
    "timestamp": "2024-08-01T20:12:14.793444"
  },
  {
    "transaction_id": "txn_597915",
    "type": "withdraw",
    "asset": "ETH",
    "amount": 3.67218258,
    "price": 39247.15,
    "timestamp": "2023-12-18T18:54:14.793457"
  },
  {
    "transaction_id": "txn_554073",
    "type": "sell",
    "asset": "XRP",
    "amount": 1.98367397,
    "price": 20428.86,
    "timestamp": "2024-04-24T05:27:14.793470"
  },
  {
    "transaction_id": "txn_259846",
    "type": "sell",
    "asset": "USDT",
    "amount": 2.10271068,
    "price": 41229.41,
    "timestamp": "2023-12-15T04:54:14.793483"
  },
  {
    "transaction_id": "txn_120946",
    "type": "sell",
    "asset": "BTC",
    "amount": 2.96491678,
    "price": 22763.67,
    "timestamp": "2024-02-20T21:44:14.793500"
  },
  {
    "transaction_id": "txn_285029",
    "type": "deposit",
    "asset": "USDT",
    "amount": 4.00936071,
    "price": 24873.86,
    "timestamp": "2024-03-18T23:55:14.793513"
  },
  {
    "transaction_id": "txn_769310",
    "type": "sell",
    "asset": "SOL",
    "amount": 3.51143478,
    "price": 26269.37,
    "timestamp": "2024-10-07T14:15:14.793526"
  },
  {
    "transaction_id": "txn_144867",
    "type": "withdraw",
    "asset": "ETH",
    "amount": 4.67615775,
    "price": 29120.97,
    "timestamp": "2024-03-07T05:19:14.793538"
  },
  {
    "transaction_id": "txn_976532",
    "type": "deposit",
    "asset": "LTC",
    "amount": 0.5248591,
    "price": 26984.77,
    "timestamp": "2023-12-04T15:20:14.793552"
  },
  {
    "transaction_id": "txn_666777",
    "type": "sell",
    "asset": "XRP",
    "amount": 0.51867676,
    "price": 41311.21,
    "timestamp": "2024-01-16T03:20:14.793566"
  },
  {
    "transaction_id": "txn_203638",
    "type": "buy",
    "asset": "XRP",
    "amount": 0.82672777,
    "price": 37402.41,
    "timestamp": "2024-11-01T07:03:14.793578"
  },
  {
    "transaction_id": "txn_713847",
    "type": "sell",
    "asset": "LTC",
    "amount": 0.46919571,
    "price": 2280.49,
    "timestamp": "2023-11-29T09:22:14.793591"
  },
  {
    "transaction_id": "txn_838172",
    "type": "withdraw",
    "asset": "ADA",
    "amount": 3.83670147,
    "price": 15199.09,
    "timestamp": "2024-06-30T16:35:14.793604"
  },
  {
    "transaction_id": "txn_771420",
    "type": "sell",
    "asset": "DOGE",
    "amount": 1.88794419,
    "price": 24505.34,
    "timestamp": "2024-09-18T14:11:14.793616"
  },
  {
    "transaction_id": "txn_847554",
    "type": "withdraw",
    "asset": "BNB",
    "amount": 3.27363336,
    "price": 29891.02,
    "timestamp": "2024-10-30T06:27:14.793629"
  },
  {
    "transaction_id": "txn_746135",
    "type": "sell",
    "asset": "DOT",
    "amount": 1.76818077,
    "price": 34970.86,
    "timestamp": "2023-11-05T08:46:14.793641"
  },
  {
    "transaction_id": "txn_599189",
    "type": "withdraw",
    "asset": "SOL",
    "amount": 4.36524179,
    "price": 15452.49,
    "timestamp": "2024-09-19T14:15:14.793654"
  },
  {
    "transaction_id": "txn_639033",
    "type": "buy",
    "asset": "LTC",
    "amount": 0.56608237,
    "price": 46716.69,
    "timestamp": "2024-01-28T18:17:14.793666"
  },
  {
    "transaction_id": "txn_774262",
    "type": "buy",
    "asset": "SOL",
    "amount": 1.17774606,
    "price": 8519.06,
    "timestamp": "2024-09-07T01:58:14.793679"
  },
  {
    "transaction_id": "txn_459887",
    "type": "withdraw",
    "asset": "SOL",
    "amount": 2.02216286,
    "price": 28573.66,
    "timestamp": "2024-03-28T13:10:14.793692"
  },
  {
    "transaction_id": "txn_914013",
    "type": "deposit",
    "asset": "ADA",
    "amount": 2.03636076,
    "price": 32025.45,
    "timestamp": "2024-01-20T03:04:14.793705"
  },
  {
    "transaction_id": "txn_563126",
    "type": "withdraw",
    "asset": "ADA",
    "amount": 3.60170867,
    "price": 11562.93,
    "timestamp": "2024-01-27T18:39:14.793718"
  },
  {
    "transaction_id": "txn_290314",
    "type": "sell",
    "asset": "DOT",
    "amount": 2.13204596,
    "price": 13410.59,
    "timestamp": "2023-11-25T16:06:14.793731"
  },
  {
    "transaction_id": "txn_419104",
    "type": "sell",
    "asset": "ETH",
    "amount": 3.17983753,
    "price": 44678.56,
    "timestamp": "2024-09-04T04:03:14.793745"
  },
  {
    "transaction_id": "txn_844246",
    "type": "deposit",
    "asset": "DOT",
    "amount": 4.53723627,
    "price": 42968.46,
    "timestamp": "2024-01-08T12:30:14.793760"
  },
  {
    "transaction_id": "txn_791458",
    "type": "deposit",
    "asset": "BNB",
    "amount": 4.17947779,
    "price": 21289.44,
    "timestamp": "2024-01-11T05:28:14.793772"
  },
  {
    "transaction_id": "txn_188966",
    "type": "withdraw",
    "asset": "DOGE",
    "amount": 2.19264207,
    "price": 31878.55,
    "timestamp": "2024-05-14T00:20:14.793785"
  },
  {
    "transaction_id": "txn_823896",
    "type": "sell",
    "asset": "DOGE",
    "amount": 0.19763811,
    "price": 28212.16,
    "timestamp": "2024-02-08T13:52:14.793801"
  },
  {
    "transaction_id": "txn_161288",
    "type": "deposit",
    "asset": "USDT",
    "amount": 2.76177225,
    "price": 8360.82,
    "timestamp": "2024-09-16T01:25:14.793814"
  },
  {
    "transaction_id": "txn_955777",
    "type": "deposit",
    "asset": "LTC",
    "amount": 4.2282673,
    "price": 20450.11,
    "timestamp": "2024-05-10T05:52:14.793833"
  },
  {
    "transaction_id": "txn_617939",
    "type": "sell",
    "asset": "BNB",
    "amount": 1.33922264,
    "price": 22745.57,
    "timestamp": "2024-02-10T08:58:14.793846"
  },
  {
    "transaction_id": "txn_280964",
    "type": "sell",
    "asset": "BTC",
    "amount": 2.32170357,
    "price": 16747.11,
    "timestamp": "2024-09-10T16:37:14.793859"
  },
  {
    "transaction_id": "txn_404265",
    "type": "deposit",
    "asset": "XRP",
    "amount": 3.05491113,
    "price": 35308.59,
    "timestamp": "2024-09-04T13:36:14.793873"
  },
  {
    "transaction_id": "txn_541431",
    "type": "sell",
    "asset": "ETH",
    "amount": 0.41321259,
    "price": 19783.57,
    "timestamp": "2024-08-10T22:32:14.793889"
  },
  {
    "transaction_id": "txn_160534",
    "type": "buy",
    "asset": "ADA",
    "amount": 0.53852835,
    "price": 34057.85,
    "timestamp": "2023-11-17T00:06:14.793902"
  },
  {
    "transaction_id": "txn_793155",
    "type": "deposit",
    "asset": "XRP",
    "amount": 3.25543735,
    "price": 18951.74,
    "timestamp": "2024-02-08T18:05:14.793916"
  },
  {
    "transaction_id": "txn_808991",
    "type": "withdraw",
    "asset": "DOGE",
    "amount": 0.11143376,
    "price": 20217.94,
    "timestamp": "2024-03-06T22:11:14.793930"
  },
  {
    "transaction_id": "txn_958693",
    "type": "withdraw",
    "asset": "SOL",
    "amount": 4.54194823,
    "price": 12837.21,
    "timestamp": "2024-01-22T13:50:14.793943"
  },
  {
    "transaction_id": "txn_106930",
    "type": "withdraw",
    "asset": "BNB",
    "amount": 2.09202059,
    "price": 20655.71,
    "timestamp": "2024-09-24T09:31:14.793956"
  },
  {
    "transaction_id": "txn_428682",
    "type": "buy",
    "asset": "ADA",
    "amount": 0.64347226,
    "price": 23883.48,
    "timestamp": "2023-12-20T01:41:14.793968"
  },
  {
    "transaction_id": "txn_355898",
    "type": "withdraw",
    "asset": "BTC",
    "amount": 1.18277906,
    "price": 28944.23,
    "timestamp": "2024-05-16T17:18:14.793981"
  },
  {
    "transaction_id": "txn_202803",
    "type": "sell",
    "asset": "DOGE",
    "amount": 2.39522917,
    "price": 16567.99,
    "timestamp": "2024-06-11T12:26:14.793993"
  },
  {
    "transaction_id": "txn_504333",
    "type": "withdraw",
    "asset": "BNB",
    "amount": 4.90668514,
    "price": 11930.75,
    "timestamp": "2024-08-23T14:55:14.794006"
  },
  {
    "transaction_id": "txn_760081",
    "type": "deposit",
    "asset": "USDT",
    "amount": 3.08806538,
    "price": 4625.56,
    "timestamp": "2024-10-02T18:58:14.794019"
  },
  {
    "transaction_id": "txn_922736",
    "type": "withdraw",
    "asset": "DOT",
    "amount": 3.76932781,
    "price": 39014.33,
    "timestamp": "2024-08-08T21:58:14.794031"
  },
  {
    "transaction_id": "txn_178050",
    "type": "deposit",
    "asset": "SOL",
    "amount": 0.35691705,
    "price": 2305.9,
    "timestamp": "2024-03-26T14:25:14.794044"
  },
  {
    "transaction_id": "txn_310579",
    "type": "buy",
    "asset": "ADA",
    "amount": 3.56239074,
    "price": 22946.77,
    "timestamp": "2024-08-29T07:51:14.794057"
  },
  {
    "transaction_id": "txn_200606",
    "type": "sell",
    "asset": "ETH",
    "amount": 2.62911822,
    "price": 29669.66,
    "timestamp": "2024-01-28T16:58:14.794069"
  },
  {
    "transaction_id": "txn_826367",
    "type": "deposit",
    "asset": "XRP",
    "amount": 2.58574417,
    "price": 18328.42,
    "timestamp": "2024-03-24T09:08:14.794082"
  },
  {
    "transaction_id": "txn_744708",
    "type": "buy",
    "asset": "DOT",
    "amount": 0.40175299,
    "price": 48315.85,
    "timestamp": "2024-10-24T21:39:14.794094"
  },
  {
    "transaction_id": "txn_996620",
    "type": "withdraw",
    "asset": "ADA",
    "amount": 4.6460747,
    "price": 30632.85,
    "timestamp": "2024-09-08T08:55:14.794107"
  },
  {
    "transaction_id": "txn_569055",
    "type": "withdraw",
    "asset": "DOGE",
    "amount": 1.9946255,
    "price": 1999.69,
    "timestamp": "2024-09-29T18:28:14.794120"
  },
  {
    "transaction_id": "txn_282708",
    "type": "withdraw",
    "asset": "XRP",
    "amount": 4.13137863,
    "price": 42944.44,
    "timestamp": "2024-07-20T16:06:14.794133"
  },
  {
    "transaction_id": "txn_445436",
    "type": "deposit",
    "asset": "LTC",
    "amount": 1.80857659,
    "price": 8139.07,
    "timestamp": "2023-12-10T08:05:14.794146"
  },
  {
    "transaction_id": "txn_383570",
    "type": "withdraw",
    "asset": "DOGE",
    "amount": 1.11590575,
    "price": 37578.37,
    "timestamp": "2023-11-21T04:55:14.794159"
  },
  {
    "transaction_id": "txn_332285",
    "type": "deposit",
    "asset": "ETH",
    "amount": 0.15801028,
    "price": 29540.04,
    "timestamp": "2024-03-26T20:17:14.794174"
  },
  {
    "transaction_id": "txn_352187",
    "type": "buy",
    "asset": "BNB",
    "amount": 4.89097793,
    "price": 15406.03,
    "timestamp": "2024-01-11T11:52:14.794187"
  },
  {
    "transaction_id": "txn_513583",
    "type": "deposit",
    "asset": "SOL",
    "amount": 3.59471867,
    "price": 9774.28,
    "timestamp": "2023-11-25T13:05:14.794200"
  },
  {
    "transaction_id": "txn_611676",
    "type": "buy",
    "asset": "LTC",
    "amount": 0.74033328,
    "price": 42763.48,
    "timestamp": "2024-10-06T20:06:14.794215"
  },
  {
    "transaction_id": "txn_722100",
    "type": "deposit",
    "asset": "USDT",
    "amount": 2.98823645,
    "price": 42296.22,
    "timestamp": "2024-06-13T13:44:14.794230"
  },
  {
    "transaction_id": "txn_280663",
    "type": "buy",
    "asset": "BNB",
    "amount": 1.97274956,
    "price": 41601.75,
    "timestamp": "2024-04-03T13:39:14.794243"
  },
  {
    "transaction_id": "txn_941596",
    "type": "deposit",
    "asset": "SOL",
    "amount": 2.33646466,
    "price": 27687.86,
    "timestamp": "2023-11-29T07:39:14.794256"
  },
  {
    "transaction_id": "txn_104254",
    "type": "sell",
    "asset": "XRP",
    "amount": 1.21189952,
    "price": 24897.69,
    "timestamp": "2024-04-25T03:00:14.794269"
  },
  {
    "transaction_id": "txn_113585",
    "type": "sell",
    "asset": "ADA",
    "amount": 3.99726762,
    "price": 22858.73,
    "timestamp": "2024-08-09T03:07:14.794282"
  },
  {
    "transaction_id": "txn_442898",
    "type": "buy",
    "asset": "USDT",
    "amount": 2.71461314,
    "price": 12817.14,
    "timestamp": "2024-08-23T12:13:14.794294"
  },
  {
    "transaction_id": "txn_217003",
    "type": "withdraw",
    "asset": "XRP",
    "amount": 2.00587948,
    "price": 36704.41,
    "timestamp": "2024-08-07T18:29:14.794307"
  },
  {
    "transaction_id": "txn_423026",
    "type": "withdraw",
    "asset": "ADA",
    "amount": 0.80252671,
    "price": 31917.02,
    "timestamp": "2024-07-29T09:48:14.794320"
  },
  {
    "transaction_id": "txn_635878",
    "type": "buy",
    "asset": "BNB",
    "amount": 1.40243279,
    "price": 26436.56,
    "timestamp": "2024-10-13T01:24:14.794332"
  },
  {
    "transaction_id": "txn_280869",
    "type": "withdraw",
    "asset": "DOGE",
    "amount": 1.08074708,
    "price": 16331.11,
    "timestamp": "2024-05-19T18:55:14.794346"
  },
  {
    "transaction_id": "txn_545644",
    "type": "deposit",
    "asset": "ETH",
    "amount": 3.25390511,
    "price": 46874.03,
    "timestamp": "2024-05-09T18:14:14.794359"
  },
  {
    "transaction_id": "txn_458729",
    "type": "sell",
    "asset": "DOT",
    "amount": 4.39902311,
    "price": 22092.44,
    "timestamp": "2023-12-04T11:51:14.794372"
  },
  {
    "transaction_id": "txn_222284",
    "type": "withdraw",
    "asset": "DOT",
    "amount": 0.92302455,
    "price": 39823.46,
    "timestamp": "2023-11-13T11:45:14.794384"
  },
  {
    "transaction_id": "txn_956990",
    "type": "deposit",
    "asset": "BNB",
    "amount": 1.90163181,
    "price": 7807.45,
    "timestamp": "2024-03-25T04:29:14.794397"
  },
  {
    "transaction_id": "txn_752574",
    "type": "deposit",
    "asset": "BTC",
    "amount": 4.88126843,
    "price": 20205.88,
    "timestamp": "2024-08-04T08:44:14.794411"
  },
  {
    "transaction_id": "txn_768752",
    "type": "sell",
    "asset": "LTC",
    "amount": 1.94451357,
    "price": 28821.95,
    "timestamp": "2024-09-05T06:03:14.794424"
  },
  {
    "transaction_id": "txn_390199",
    "type": "buy",
    "asset": "SOL",
    "amount": 1.76906662,
    "price": 13581.27,
    "timestamp": "2023-11-13T21:30:14.794437"
  },
  {
    "transaction_id": "txn_243976",
    "type": "buy",
    "asset": "XRP",
    "amount": 0.7640847,
    "price": 16396.93,
    "timestamp": "2024-02-20T05:27:14.794458"
  },
  {
    "transaction_id": "txn_335296",
    "type": "buy",
    "asset": "BNB",
    "amount": 4.35968194,
    "price": 47049.88,
    "timestamp": "2024-05-15T14:35:14.794472"
  },
  {
    "transaction_id": "txn_562238",
    "type": "deposit",
    "asset": "ADA",
    "amount": 4.94983106,
    "price": 29416.97,
    "timestamp": "2024-08-02T06:30:14.794485"
  },
  {
    "transaction_id": "txn_502167",
    "type": "withdraw",
    "asset": "LTC",
    "amount": 2.89796018,
    "price": 16567.52,
    "timestamp": "2024-06-17T01:51:14.794498"
  },
  {
    "transaction_id": "txn_265919",
    "type": "sell",
    "asset": "ETH",
    "amount": 1.69102122,
    "price": 4572.38,
    "timestamp": "2024-01-15T04:04:14.794514"
  },
  {
    "transaction_id": "txn_232999",
    "type": "withdraw",
    "asset": "ETH",
    "amount": 3.73824793,
    "price": 8348.33,
    "timestamp": "2024-09-30T06:07:14.794527"
  },
  {
    "transaction_id": "txn_408926",
    "type": "sell",
    "asset": "SOL",
    "amount": 2.62626556,
    "price": 19142.99,
    "timestamp": "2024-08-09T02:37:14.794540"
  },
  {
    "transaction_id": "txn_526943",
    "type": "buy",
    "asset": "ETH",
    "amount": 1.68489385,
    "price": 10450.6,
    "timestamp": "2024-04-25T18:43:14.794554"
  },
  {
    "transaction_id": "txn_988855",
    "type": "buy",
    "asset": "ETH",
    "amount": 4.82822656,
    "price": 2644.57,
    "timestamp": "2024-01-16T14:58:14.794568"
  },
  {
    "transaction_id": "txn_580932",
    "type": "sell",
    "asset": "USDT",
    "amount": 2.26837106,
    "price": 34591.83,
    "timestamp": "2024-10-24T21:26:14.794580"
  },
  {
    "transaction_id": "txn_123766",
    "type": "withdraw",
    "asset": "ETH",
    "amount": 1.19166215,
    "price": 32216.33,
    "timestamp": "2024-06-15T12:34:14.794593"
  },
  {
    "transaction_id": "txn_787049",
    "type": "deposit",
    "asset": "ETH",
    "amount": 2.76810952,
    "price": 43087.4,
    "timestamp": "2024-10-16T15:33:14.794607"
  },
  {
    "transaction_id": "txn_152616",
    "type": "withdraw",
    "asset": "USDT",
    "amount": 3.97109267,
    "price": 47505.18,
    "timestamp": "2024-06-19T03:21:14.794620"
  },
  {
    "transaction_id": "txn_518260",
    "type": "deposit",
    "asset": "DOT",
    "amount": 3.46052219,
    "price": 26168.05,
    "timestamp": "2024-10-16T01:40:14.794632"
  },
  {
    "transaction_id": "txn_675767",
    "type": "withdraw",
    "asset": "DOT",
    "amount": 2.73583332,
    "price": 40227.19,
    "timestamp": "2024-01-17T23:54:14.794667"
  },
  {
    "transaction_id": "txn_594390",
    "type": "buy",
    "asset": "DOT",
    "amount": 2.71814825,
    "price": 32506.62,
    "timestamp": "2024-06-06T08:17:14.794686"
  },
  {
    "transaction_id": "txn_381036",
    "type": "withdraw",
    "asset": "BTC",
    "amount": 4.92900736,
    "price": 10906.01,
    "timestamp": "2024-07-21T14:29:14.794700"
  },
  {
    "transaction_id": "txn_520900",
    "type": "withdraw",
    "asset": "BNB",
    "amount": 1.10833729,
    "price": 42451.57,
    "timestamp": "2024-07-23T21:37:14.794726"
  },
  {
    "transaction_id": "txn_202626",
    "type": "sell",
    "asset": "ADA",
    "amount": 2.29737018,
    "price": 19840.16,
    "timestamp": "2023-11-15T21:27:14.794742"
  },
  {
    "transaction_id": "txn_704024",
    "type": "withdraw",
    "asset": "SOL",
    "amount": 0.3408481,
    "price": 30255.67,
    "timestamp": "2024-02-19T06:58:14.794754"
  },
  {
    "transaction_id": "txn_228561",
    "type": "withdraw",
    "asset": "LTC",
    "amount": 2.76333243,
    "price": 4590.7,
    "timestamp": "2024-02-05T08:53:14.794767"
  },
  {
    "transaction_id": "txn_601247",
    "type": "buy",
    "asset": "USDT",
    "amount": 3.81807982,
    "price": 48909.42,
    "timestamp": "2024-02-11T19:52:14.794780"
  },
  {
    "transaction_id": "txn_969703",
    "type": "sell",
    "asset": "ADA",
    "amount": 0.89480064,
    "price": 47575.81,
    "timestamp": "2024-02-04T03:33:14.794793"
  },
  {
    "transaction_id": "txn_364274",
    "type": "sell",
    "asset": "ADA",
    "amount": 1.2681329,
    "price": 42440.26,
    "timestamp": "2024-07-24T16:34:14.794805"
  },
  {
    "transaction_id": "txn_986223",
    "type": "withdraw",
    "asset": "DOGE",
    "amount": 1.53862851,
    "price": 32819.06,
    "timestamp": "2024-06-12T15:00:14.794943"
  },
  {
    "transaction_id": "txn_587777",
    "type": "withdraw",
    "asset": "SOL",
    "amount": 1.63019168,
    "price": 44721.69,
    "timestamp": "2024-04-11T02:57:14.794958"
  },
  {
    "transaction_id": "txn_525878",
    "type": "buy",
    "asset": "ETH",
    "amount": 4.80029964,
    "price": 37996.46,
    "timestamp": "2024-07-16T06:11:14.794971"
  },
  {
    "transaction_id": "txn_143538",
    "type": "withdraw",
    "asset": "USDT",
    "amount": 2.71822621,
    "price": 9075.47,
    "timestamp": "2024-01-23T09:21:14.794984"
  },
  {
    "transaction_id": "txn_760968",
    "type": "deposit",
    "asset": "SOL",
    "amount": 2.69573042,
    "price": 49754.42,
    "timestamp": "2024-07-30T15:08:14.794997"
  },
  {
    "transaction_id": "txn_659930",
    "type": "withdraw",
    "asset": "USDT",
    "amount": 4.13569648,
    "price": 43413.89,
    "timestamp": "2024-01-23T18:37:14.795009"
  },
  {
    "transaction_id": "txn_578228",
    "type": "deposit",
    "asset": "XRP",
    "amount": 2.10838578,
    "price": 33811.94,
    "timestamp": "2024-06-22T20:10:14.795023"
  },
  {
    "transaction_id": "txn_282950",
    "type": "deposit",
    "asset": "BNB",
    "amount": 2.36614947,
    "price": 20852.2,
    "timestamp": "2024-10-19T00:40:14.795036"
  },
  {
    "transaction_id": "txn_920770",
    "type": "buy",
    "asset": "XRP",
    "amount": 4.56456792,
    "price": 32814.11,
    "timestamp": "2024-01-29T15:29:14.795052"
  },
  {
    "transaction_id": "txn_681818",
    "type": "deposit",
    "asset": "LTC",
    "amount": 3.93326453,
    "price": 39104.28,
    "timestamp": "2024-10-01T18:50:14.795065"
  },
  {
    "transaction_id": "txn_933776",
    "type": "deposit",
    "asset": "XRP",
    "amount": 2.06295715,
    "price": 6511.11,
    "timestamp": "2024-03-31T22:24:14.795078"
  },
  {
    "transaction_id": "txn_967096",
    "type": "buy",
    "asset": "BTC",
    "amount": 1.30405139,
    "price": 27077.63,
    "timestamp": "2024-08-26T03:53:14.795091"
  },
  {
    "transaction_id": "txn_192549",
    "type": "buy",
    "asset": "LTC",
    "amount": 0.53267311,
    "price": 34659.62,
    "timestamp": "2024-08-18T03:49:14.795104"
  },
  {
    "transaction_id": "txn_216269",
    "type": "sell",
    "asset": "SOL",
    "amount": 2.11854335,
    "price": 21105.49,
    "timestamp": "2024-02-14T10:47:14.795117"
  },
  {
    "transaction_id": "txn_498362",
    "type": "deposit",
    "asset": "XRP",
    "amount": 3.50028227,
    "price": 44923.83,
    "timestamp": "2024-06-05T03:44:14.795129"
  },
  {
    "transaction_id": "txn_897993",
    "type": "withdraw",
    "asset": "DOGE",
    "amount": 4.47846986,
    "price": 11984.96,
    "timestamp": "2024-10-28T09:53:14.795142"
  },
  {
    "transaction_id": "txn_234742",
    "type": "deposit",
    "asset": "USDT",
    "amount": 4.29188944,
    "price": 40069.76,
    "timestamp": "2024-06-01T00:39:14.795157"
  },
  {
    "transaction_id": "txn_296238",
    "type": "buy",
    "asset": "ADA",
    "amount": 4.10733008,
    "price": 14544.15,
    "timestamp": "2024-05-26T11:20:14.795170"
  },
  {
    "transaction_id": "txn_854903",
    "type": "deposit",
    "asset": "LTC",
    "amount": 0.38880998,
    "price": 21180.91,
    "timestamp": "2023-12-09T20:22:14.795183"
  },
  {
    "transaction_id": "txn_567617",
    "type": "buy",
    "asset": "SOL",
    "amount": 3.05904721,
    "price": 11537.46,
    "timestamp": "2024-01-27T10:29:14.795196"
  },
  {
    "transaction_id": "txn_906350",
    "type": "sell",
    "asset": "BTC",
    "amount": 0.51375937,
    "price": 14681.72,
    "timestamp": "2024-02-10T00:42:14.795209"
  },
  {
    "transaction_id": "txn_255759",
    "type": "withdraw",
    "asset": "ETH",
    "amount": 2.53442155,
    "price": 16189.88,
    "timestamp": "2024-02-02T11:38:14.795222"
  },
  {
    "transaction_id": "txn_886540",
    "type": "sell",
    "asset": "XRP",
    "amount": 0.69356935,
    "price": 44816.91,
    "timestamp": "2024-08-27T17:21:14.795235"
  },
  {
    "transaction_id": "txn_835688",
    "type": "withdraw",
    "asset": "SOL",
    "amount": 1.42144349,
    "price": 45652.02,
    "timestamp": "2024-07-28T12:24:14.795249"
  },
  {
    "transaction_id": "txn_704607",
    "type": "buy",
    "asset": "DOT",
    "amount": 1.8545435,
    "price": 36859.62,
    "timestamp": "2024-01-15T12:15:14.795263"
  },
  {
    "transaction_id": "txn_220966",
    "type": "sell",
    "asset": "BNB",
    "amount": 2.12795242,
    "price": 23010.16,
    "timestamp": "2024-11-04T08:57:14.795275"
  },
  {
    "transaction_id": "txn_876394",
    "type": "deposit",
    "asset": "LTC",
    "amount": 1.03179241,
    "price": 14889.47,
    "timestamp": "2024-04-05T15:11:14.795288"
  },
  {
    "transaction_id": "txn_116405",
    "type": "deposit",
    "asset": "BNB",
    "amount": 4.87331962,
    "price": 11634.95,
    "timestamp": "2024-02-14T12:07:14.795309"
  },
  {
    "transaction_id": "txn_194473",
    "type": "buy",
    "asset": "DOT",
    "amount": 1.03689471,
    "price": 2670.45,
    "timestamp": "2024-06-05T19:45:14.795323"
  },
  {
    "transaction_id": "txn_223310",
    "type": "withdraw",
    "asset": "ADA",
    "amount": 1.32541218,
    "price": 2989.48,
    "timestamp": "2024-09-24T17:04:14.795336"
  },
  {
    "transaction_id": "txn_494701",
    "type": "withdraw",
    "asset": "BTC",
    "amount": 4.44630606,
    "price": 30736.58,
    "timestamp": "2024-02-01T05:33:14.795349"
  },
  {
    "transaction_id": "txn_324335",
    "type": "withdraw",
    "asset": "DOGE",
    "amount": 4.00074075,
    "price": 12092.37,
    "timestamp": "2024-01-13T00:41:14.795362"
  },
  {
    "transaction_id": "txn_650355",
    "type": "buy",
    "asset": "BNB",
    "amount": 1.43608285,
    "price": 2352.17,
    "timestamp": "2024-07-10T19:55:14.795375"
  },
  {
    "transaction_id": "txn_717954",
    "type": "buy",
    "asset": "DOGE",
    "amount": 4.81160856,
    "price": 37078.47,
    "timestamp": "2024-03-09T21:48:14.795388"
  },
  {
    "transaction_id": "txn_250696",
    "type": "buy",
    "asset": "XRP",
    "amount": 2.49598822,
    "price": 87.91,
    "timestamp": "2024-07-07T16:32:14.795401"
  },
  {
    "transaction_id": "txn_509848",
    "type": "sell",
    "asset": "ETH",
    "amount": 4.13747706,
    "price": 38522.46,
    "timestamp": "2024-10-18T19:40:14.795414"
  },
  {
    "transaction_id": "txn_278402",
    "type": "buy",
    "asset": "DOGE",
    "amount": 1.59681787,
    "price": 34405.2,
    "timestamp": "2024-01-19T02:09:14.795449"
  },
  {
    "transaction_id": "txn_881449",
    "type": "withdraw",
    "asset": "DOGE",
    "amount": 3.37561721,
    "price": 8598.95,
    "timestamp": "2024-04-29T02:00:14.795464"
  },
  {
    "transaction_id": "txn_898861",
    "type": "sell",
    "asset": "DOGE",
    "amount": 3.26126449,
    "price": 21194.63,
    "timestamp": "2024-02-21T08:21:14.795477"
  },
  {
    "transaction_id": "txn_825887",
    "type": "deposit",
    "asset": "DOGE",
    "amount": 3.0327225,
    "price": 16494.98,
    "timestamp": "2023-11-22T12:50:14.795490"
  },
  {
    "transaction_id": "txn_303511",
    "type": "sell",
    "asset": "DOGE",
    "amount": 4.20452246,
    "price": 736.83,
    "timestamp": "2024-02-11T12:29:14.795503"
  },
  {
    "transaction_id": "txn_594415",
    "type": "deposit",
    "asset": "XRP",
    "amount": 0.36937471,
    "price": 18341.89,
    "timestamp": "2024-07-06T22:58:14.795515"
  },
  {
    "transaction_id": "txn_189120",
    "type": "deposit",
    "asset": "ADA",
    "amount": 2.80742595,
    "price": 2608.55,
    "timestamp": "2023-11-06T21:06:14.795528"
  },
  {
    "transaction_id": "txn_504450",
    "type": "buy",
    "asset": "ETH",
    "amount": 0.36126851,
    "price": 10917.47,
    "timestamp": "2024-06-11T07:10:14.795541"
  },
  {
    "transaction_id": "txn_447532",
    "type": "withdraw",
    "asset": "ETH",
    "amount": 1.34856122,
    "price": 41194.21,
    "timestamp": "2024-02-10T11:54:14.795555"
  },
  {
    "transaction_id": "txn_814692",
    "type": "buy",
    "asset": "LTC",
    "amount": 4.99726063,
    "price": 14142.77,
    "timestamp": "2024-07-12T04:41:14.795567"
  },
  {
    "transaction_id": "txn_485848",
    "type": "buy",
    "asset": "SOL",
    "amount": 1.84053934,
    "price": 3552.59,
    "timestamp": "2024-01-07T07:42:14.795580"
  },
  {
    "transaction_id": "txn_241321",
    "type": "withdraw",
    "asset": "USDT",
    "amount": 4.20061031,
    "price": 5054.02,
    "timestamp": "2024-07-22T09:13:14.795593"
  },
  {
    "transaction_id": "txn_355755",
    "type": "withdraw",
    "asset": "SOL",
    "amount": 2.19362072,
    "price": 40702.17,
    "timestamp": "2024-05-27T11:15:14.795609"
  },
  {
    "transaction_id": "txn_345560",
    "type": "deposit",
    "asset": "BNB",
    "amount": 4.46353,
    "price": 48711.42,
    "timestamp": "2024-05-06T14:16:14.795622"
  },
  {
    "transaction_id": "txn_622401",
    "type": "deposit",
    "asset": "SOL",
    "amount": 4.02063513,
    "price": 982.6,
    "timestamp": "2024-04-29T16:03:14.795635"
  },
  {
    "transaction_id": "txn_523859",
    "type": "buy",
    "asset": "SOL",
    "amount": 0.7953032,
    "price": 36057.13,
    "timestamp": "2024-01-09T08:47:14.795648"
  },
  {
    "transaction_id": "txn_471148",
    "type": "deposit",
    "asset": "DOT",
    "amount": 3.43584951,
    "price": 14020.57,
    "timestamp": "2024-07-25T12:31:14.795661"
  },
  {
    "transaction_id": "txn_505201",
    "type": "buy",
    "asset": "USDT",
    "amount": 3.55416888,
    "price": 23348.18,
    "timestamp": "2024-01-09T09:52:14.795674"
  },
  {
    "transaction_id": "txn_989628",
    "type": "sell",
    "asset": "LTC",
    "amount": 4.48232964,
    "price": 23371.98,
    "timestamp": "2024-02-19T00:25:14.795686"
  },
  {
    "transaction_id": "txn_881038",
    "type": "deposit",
    "asset": "ADA",
    "amount": 3.77529383,
    "price": 13733.56,
    "timestamp": "2024-11-04T03:43:14.795704"
  },
  {
    "transaction_id": "txn_611861",
    "type": "deposit",
    "asset": "USDT",
    "amount": 2.46520875,
    "price": 49923.67,
    "timestamp": "2024-01-06T16:54:14.795717"
  },
  {
    "transaction_id": "txn_931166",
    "type": "buy",
    "asset": "LTC",
    "amount": 3.23579589,
    "price": 16533.21,
    "timestamp": "2024-01-11T04:18:14.795730"
  },
  {
    "transaction_id": "txn_514712",
    "type": "sell",
    "asset": "XRP",
    "amount": 1.54234968,
    "price": 38109.6,
    "timestamp": "2024-04-08T09:12:14.795742"
  },
  {
    "transaction_id": "txn_603543",
    "type": "sell",
    "asset": "BNB",
    "amount": 1.2925559,
    "price": 20159.88,
    "timestamp": "2024-09-30T13:57:14.795755"
  },
  {
    "transaction_id": "txn_601513",
    "type": "withdraw",
    "asset": "USDT",
    "amount": 3.08570797,
    "price": 22475.23,
    "timestamp": "2024-10-02T06:30:14.795770"
  },
  {
    "transaction_id": "txn_139677",
    "type": "sell",
    "asset": "DOT",
    "amount": 2.72925351,
    "price": 10257.09,
    "timestamp": "2024-02-27T14:35:14.795782"
  },
  {
    "transaction_id": "txn_625091",
    "type": "withdraw",
    "asset": "SOL",
    "amount": 3.0814134,
    "price": 45739.47,
    "timestamp": "2024-09-30T15:52:14.795795"
  },
  {
    "transaction_id": "txn_639370",
    "type": "withdraw",
    "asset": "LTC",
    "amount": 2.91839002,
    "price": 20543.28,
    "timestamp": "2024-09-04T19:42:14.795807"
  },
  {
    "transaction_id": "txn_899749",
    "type": "sell",
    "asset": "ETH",
    "amount": 1.56766562,
    "price": 27459.48,
    "timestamp": "2024-04-28T23:36:14.795820"
  },
  {
    "transaction_id": "txn_584688",
    "type": "sell",
    "asset": "DOGE",
    "amount": 1.72066934,
    "price": 23799.22,
    "timestamp": "2024-09-27T20:56:14.795833"
  },
  {
    "transaction_id": "txn_251742",
    "type": "sell",
    "asset": "ETH",
    "amount": 1.11158333,
    "price": 19488.45,
    "timestamp": "2024-02-26T09:59:14.795846"
  },
  {
    "transaction_id": "txn_472454",
    "type": "buy",
    "asset": "USDT",
    "amount": 2.8850761,
    "price": 45978.79,
    "timestamp": "2023-11-25T03:41:14.795859"
  },
  {
    "transaction_id": "txn_572669",
    "type": "withdraw",
    "asset": "LTC",
    "amount": 1.86295483,
    "price": 40098.77,
    "timestamp": "2024-02-14T16:44:14.795871"
  },
  {
    "transaction_id": "txn_999950",
    "type": "withdraw",
    "asset": "USDT",
    "amount": 2.53487747,
    "price": 48725.68,
    "timestamp": "2024-08-30T07:50:14.795884"
  },
  {
    "transaction_id": "txn_823912",
    "type": "deposit",
    "asset": "DOT",
    "amount": 4.5035688,
    "price": 32860.02,
    "timestamp": "2023-12-10T04:33:14.795897"
  },
  {
    "transaction_id": "txn_721615",
    "type": "sell",
    "asset": "BTC",
    "amount": 2.14343441,
    "price": 31027.66,
    "timestamp": "2023-12-26T04:53:14.795909"
  },
  {
    "transaction_id": "txn_910395",
    "type": "withdraw",
    "asset": "DOGE",
    "amount": 4.56756077,
    "price": 1850.53,
    "timestamp": "2024-07-01T14:06:14.795921"
  },
  {
    "transaction_id": "txn_146469",
    "type": "buy",
    "asset": "USDT",
    "amount": 3.88980317,
    "price": 45762.47,
    "timestamp": "2024-08-15T15:37:14.795939"
  },
  {
    "transaction_id": "txn_678651",
    "type": "buy",
    "asset": "LTC",
    "amount": 2.16104993,
    "price": 25541.64,
    "timestamp": "2024-07-17T21:49:14.795952"
  },
  {
    "transaction_id": "txn_907353",
    "type": "withdraw",
    "asset": "XRP",
    "amount": 4.5671215,
    "price": 36162.4,
    "timestamp": "2024-02-01T11:29:14.795964"
  },
  {
    "transaction_id": "txn_666769",
    "type": "sell",
    "asset": "BNB",
    "amount": 2.89675647,
    "price": 14454.9,
    "timestamp": "2024-02-16T20:04:14.795978"
  },
  {
    "transaction_id": "txn_696054",
    "type": "withdraw",
    "asset": "USDT",
    "amount": 4.36296735,
    "price": 23261.12,
    "timestamp": "2023-11-08T22:32:14.795991"
  },
  {
    "transaction_id": "txn_883139",
    "type": "deposit",
    "asset": "BNB",
    "amount": 2.76108384,
    "price": 31843.77,
    "timestamp": "2024-05-21T09:31:14.796007"
  }
]
